</records><nextRecordPosition>11</nextRecordPosition><echoedSearchRetrieveRequest><version>1.1</version><query>dnb.isil=DE-Sol1</query><xQuery xmlns:xsi="http://www.w3.org/2001/XMLSchema-instance" xsi:nil="true"/><startRecord>6</startRecord><maximumRecords>5</maximumRecords><recordSchema>MARC21plus-xml</recordSchema></echoedSearchRetrieveRequest></searchRetrieveResponse>
<?xml version="1.0" encoding="UTF-8"?>
<searchRetrieveResponse xmlns="http://www.loc.gov/zing/srw/"><version>1.1</version><numberOfRecords>3031</numberOfRecords><records><record><recordSchema>MARC21plus-xml</recordSchema><recordPacking>xml</recordPacking><recordData><collection xmlns="http://www.loc.gov/MARC21/slim">
  <record type="Bibliographic">
    <leader>00000nas a2200000 c 4500</leader>
    <controlfield tag="001">011280484</controlfield>
    <controlfield tag="003">DE-101</controlfield>
    <controlfield tag="005">20241112213713.0</controlfield>
    <controlfield tag="007">tu</controlfield>
    <controlfield tag="008">991119d19362012gw z||p|  ||| 0||||1ger c</controlfield>
    <datafield tag="015" ind1=" " ind2=" ">
      <subfield code="a">78,B24,0280</subfield>
      <subfield code="2">dnb</subfield>
    </datafield>
    <datafield tag="016" ind1="7" ind2=" ">
      <subfield code="2">DE-600</subfield>
      <subfield code="a">217826-6</subfield>
    </datafield>
    <datafield tag="016" ind1="7" ind2=" ">
      <subfield code="2">DE-101</subfield>
      <subfield code="a">011280484</subfield>
    </datafield>
    <datafield tag="035" ind1=" " ind2=" ">
      <subfield code="a">(DE-599)ZDB217826-6</subfield>
    </datafield>
    <datafield tag="035" ind1=" " ind2=" ">
      <subfield code="a">(OCoLC)643779182</subfield>
    </datafield>
    <datafield tag="040" ind1=" " ind2=" ">
      <subfield code="a">9001</subfield>
      <subfield code="b">ger</subfield>
      <subfield code="c">DE-101</subfield>
      <subfield code="d">9999</subfield>
    </datafield>
    <datafield tag="041" ind1=" " ind2=" ">
      <subfield code="a">ger</subfield>
    </datafield>
    <datafield tag="042" ind1=" " ind2=" ">
      <subfield code="a">zdb</subfield>
    </datafield>
    <datafield tag="044" ind1=" " ind2=" ">
      <subfield code="c">XA-DE</subfield>
    </datafield>
    <datafield tag="082" ind1="7" ind2="4">
      <subfield code="a">914.3</subfield>
      <subfield code="a">943</subfield>
      <subfield code="q">DE-600</subfield>
      <subfield code="2">22sdnb</subfield>
    </datafield>
    <datafield tag="084" ind1=" " ind2=" ">
      <subfield code="a">14a</subfield>
      <subfield code="a">390</subfield>
      <subfield code="a">900</subfield>
      <subfield code="a">910</subfield>
      <subfield code="a">914.3</subfield>
      <subfield code="a">920</subfield>
      <subfield code="a">930</subfield>
      <subfield code="a">940</subfield>
      <subfield code="a">943</subfield>
      <subfield code="a">950</subfield>
      <subfield code="a">960</subfield>
      <subfield code="a">970</subfield>
      <subfield code="a">980</subfield>
      <subfield code="a">990</subfield>
      <subfield code="q">DE-101</subfield>
      <subfield code="2">sdnb</subfield>
    </datafield>
    <datafield tag="084" ind1=" " ind2=" ">
      <subfield code="a">8,1</subfield>
      <subfield code="2">ssgn</subfield>
    </datafield>
    <datafield tag="084" ind1=" " ind2=" ">
      <subfield code="a">710</subfield>
      <subfield code="a">330</subfield>
      <subfield code="2">rpb</subfield>
    </datafield>
    <datafield tag="084" ind1=" " ind2=" ">
      <subfield code="a">Hilden</subfield>
      <subfield code="0">https://nwbib.de/spatial#Q4094</subfield>
      <subfield code="2">nwbib</subfield>
    </datafield>
    <datafield tag="084" ind1=" " ind2=" ">
      <subfield code="a">Geschichte</subfield>
      <subfield code="0">https://nwbib.de/subjects#N240000</subfield>
      <subfield code="2">nwbib</subfield>
    </datafield>
    <datafield tag="245" ind1="0" ind2="0">
      <subfield code="a">Hildener Jahrbuch</subfield>
    </datafield>
    <datafield tag="264" ind1="3" ind2="1">
      <subfield code="a">Hilden</subfield>
      <subfield code="b">Stadtarchiv</subfield>
      <subfield code="c">1936-2012</subfield>
    </datafield>
    <datafield tag="264" ind1=" " ind2="1">
      <subfield code="3">anfangs</subfield>
      <subfield code="a">Hilden</subfield>
      <subfield code="b">Peters</subfield>
    </datafield>
    <datafield tag="300" ind1=" " ind2=" ">
      <subfield code="c">24 cm</subfield>
    </datafield>
    <datafield tag="336" ind1=" " ind2=" ">
      <subfield code="a">Text</subfield>
      <subfield code="b">txt</subfield>
      <subfield code="2">rdacontent</subfield>
    </datafield>
    <datafield tag="337" ind1=" " ind2=" ">
      <subfield code="a">ohne Hilfsmittel zu benutzen</subfield>
      <subfield code="b">n</subfield>
      <subfield code="2">rdamedia</subfield>
    </datafield>
    <datafield tag="338" ind1=" " ind2=" ">
      <subfield code="a">Band</subfield>
      <subfield code="b">nc</subfield>
      <subfield code="2">rdacarrier</subfield>
    </datafield>
    <datafield tag="362" ind1="0" ind2=" ">
      <subfield code="a">1.1936 - 10.1965/70(1971); N.F. 1.1978 - 13.2012 ; damit Erscheinen eingestellt</subfield>
    </datafield>
    <datafield tag="363" ind1="0" ind2="0">
      <subfield code="8">1.1\x</subfield>
      <subfield code="a">1</subfield>
      <subfield code="i">1936</subfield>
    </datafield>
    <datafield tag="363" ind1="1" ind2="0">
      <subfield code="8">1.2\x</subfield>
      <subfield code="a">10</subfield>
      <subfield code="i">1965/70</subfield>
    </datafield>
    <datafield tag="363" ind1="0" ind2="0">
      <subfield code="8">2.1\x</subfield>
      <subfield code="a">1</subfield>
      <subfield code="i">1978</subfield>
    </datafield>
    <datafield tag="363" ind1="1" ind2="0">
      <subfield code="8">2.2\x</subfield>
      <subfield code="a">13</subfield>
      <subfield code="i">2012</subfield>
    </datafield>
    <datafield tag="515" ind1=" " ind2=" ">
      <subfield code="a">Teils ohne Jg.-Zählung; unregelmäßig</subfield>
    </datafield>
    <datafield tag="583" ind1="1" ind2=" ">
      <subfield code="a">Archivierung/Langzeitarchivierung gewährleistet</subfield>
      <subfield code="c">2020</subfield>
      <subfield code="f">PENW</subfield>
      <subfield code="5">DE-5</subfield>
      <subfield code="2">pdager</subfield>
    </datafield>
    <datafield tag="591" ind1=" " ind2=" ">
      <subfield code="a">S/SGC</subfield>
    </datafield>
    <datafield tag="648" ind1=" " ind2="7">
      <subfield code="a">Geschichte</subfield>
      <subfield code="9">rswk-swf</subfield>
      <subfield code="2">gnd</subfield>
    </datafield>
    <datafield tag="651" ind1=" " ind2="7">
      <subfield code="0">(DE-588)4024876-8</subfield>
      <subfield code="0">https://d-nb.info/gnd/4024876-8</subfield>
      <subfield code="0">(DE-101)040248763</subfield>
      <subfield code="a">Hilden</subfield>
      <subfield code="9">rswk-swf</subfield>
      <subfield code="2">gnd</subfield>
    </datafield>
    <datafield tag="655" ind1=" " ind2="7">
      <subfield code="0">(DE-588)4067488-5</subfield>
      <subfield code="0">https://d-nb.info/gnd/4067488-5</subfield>
      <subfield code="0">(DE-101)040674886</subfield>
      <subfield code="a">Zeitschrift</subfield>
      <subfield code="2">gnd-content</subfield>
    </datafield>
    <datafield tag="655" ind1=" " ind2="7">
      <subfield code="a">Zeitschrift</subfield>
      <subfield code="9">rswk-swf</subfield>
      <subfield code="2">gnd</subfield>
    </datafield>
    <datafield tag="689" ind1="0" ind2="0">
      <subfield code="0">(DE-588)4024876-8</subfield>
      <subfield code="0">https://d-nb.info/gnd/4024876-8</subfield>
      <subfield code="0">(DE-101)040248763</subfield>
      <subfield code="D">g</subfield>
      <subfield code="a">Hilden</subfield>
    </datafield>
    <datafield tag="689" ind1="0" ind2="1">
      <subfield code="A">z</subfield>
      <subfield code="a">Geschichte</subfield>
    </datafield>
    <datafield tag="689" ind1="0" ind2="2">
      <subfield code="A">f</subfield>
      <subfield code="a">Zeitschrift</subfield>
    </datafield>
    <datafield tag="689" ind1="0" ind2=" ">
      <subfield code="5">DE-600</subfield>
      <subfield code="5">DE-600</subfield>
    </datafield>
    <datafield tag="850" ind1=" " ind2=" ">
      <subfield code="a">DE-101a</subfield>
      <subfield code="a">DE-101b</subfield>
    </datafield>
    <datafield tag="889" ind1=" " ind2=" ">
      <subfield code="w">(DE-101)550354735</subfield>
    </datafield>
    <datafield tag="925" ind1="r" ind2=" ">
      <subfield code="a">rb</subfield>
    </datafield>
  </record>

  <record type="Holdings">
    <leader>00000ny  a22000003n 4500</leader>
    <controlfield tag="001">603605338</controlfield>
    <controlfield tag="003">DE-101</controlfield>
    <controlfield tag="005">20190719121125.0</controlfield>
    <controlfield tag="008">031015||||||||||||||||ger|||||||</controlfield>
    <datafield tag="035" ind1=" " ind2=" ">
      <subfield code="a">(XX-XxUND)1903/0121</subfield>
    </datafield>
    <datafield tag="092" ind1=" " ind2=" ">
      <subfield code="a">950200-2</subfield>
      <subfield code="d">101a</subfield>
      <subfield code="k">SAX</subfield>
      <subfield code="l">a</subfield>
      <subfield code="o">b</subfield>
    </datafield>
    <datafield tag="541" ind1=" " ind2=" ">
      <subfield code="e">L-1936-090043251</subfield>
    </datafield>
    <datafield tag="852" ind1=" " ind2=" ">
      <subfield code="8">1</subfield>
    </datafield>
    <datafield tag="852" ind1=" " ind2="1">
      <subfield code="c">ZA 22958</subfield>
      <subfield code="9">00</subfield>
    </datafield>
    <datafield tag="852" ind1=" " ind2=" ">
      <subfield code="a">DE-101a</subfield>
    </datafield>
    <datafield tag="859" ind1="0" ind2="0">
      <subfield code="8">1.1\x</subfield>
      <subfield code="a">1</subfield>
      <subfield code="i">1936</subfield>
    </datafield>
    <datafield tag="859" ind1="1" ind2="0">
      <subfield code="8">1.2\x</subfield>
      <subfield code="a">10</subfield>
      <subfield code="i">1965/70</subfield>
    </datafield>
    <datafield tag="859" ind1="0" ind2="0">
      <subfield code="8">2.1\x</subfield>
      <subfield code="a">1</subfield>
      <subfield code="i">1978</subfield>
    </datafield>
    <datafield tag="859" ind1="1" ind2="0">
      <subfield code="8">2.2\x</subfield>
      <subfield code="a">13</subfield>
      <subfield code="i">2012</subfield>
    </datafield>
    <datafield tag="866" ind1="3" ind2="0">
      <subfield code="a">1.1936 - 10.1965/70; N.F. 1.1978 - 13.2012</subfield>
    </datafield>
    <datafield tag="933" ind1=" " ind2=" ">
      <subfield code="a">CC0</subfield>
    </datafield>
  </record>
  <record type="Holdings">
    <leader>00000ny  a22000003n 4500</leader>
    <controlfield tag="001">61240966X</controlfield>
    <controlfield tag="003">DE-101</controlfield>
    <controlfield tag="005">20190719121157.0</controlfield>
    <controlfield tag="008">040414||||||||||||||||ger|||||||</controlfield>
    <datafield tag="092" ind1=" " ind2=" ">
      <subfield code="a">600100-2</subfield>
      <subfield code="d">101b</subfield>
      <subfield code="k">HES</subfield>
      <subfield code="l">a</subfield>
      <subfield code="o">b</subfield>
    </datafield>
    <datafield tag="541" ind1=" " ind2=" ">
      <subfield code="e">F-1936-094562628</subfield>
    </datafield>
    <datafield tag="852" ind1=" " ind2=" ">
      <subfield code="8">1</subfield>
    </datafield>
    <datafield tag="852" ind1=" " ind2="1">
      <subfield code="c">DZs 2901</subfield>
      <subfield code="9">00</subfield>
    </datafield>
    <datafield tag="852" ind1=" " ind2=" ">
      <subfield code="a">DE-101b</subfield>
    </datafield>
    <datafield tag="859" ind1="0" ind2="0">
      <subfield code="8">1.1\x</subfield>
      <subfield code="a">4</subfield>
      <subfield code="i">1945/46</subfield>
    </datafield>
    <datafield tag="859" ind1="1" ind2="0">
      <subfield code="8">1.2\x</subfield>
      <subfield code="a">10</subfield>
      <subfield code="i">1965/70</subfield>
    </datafield>
    <datafield tag="859" ind1="0" ind2="0">
      <subfield code="8">2.1\x</subfield>
      <subfield code="a">1</subfield>
      <subfield code="i">1978</subfield>
    </datafield>
    <datafield tag="859" ind1="1" ind2="0">
      <subfield code="8">2.2\x</subfield>
      <subfield code="a">13</subfield>
      <subfield code="i">2012</subfield>
    </datafield>
    <datafield tag="866" ind1="3" ind2="0">
      <subfield code="a">4.1945/46(1950) - 10.1965/70; N.F. 1.1978 - 13.2012</subfield>
    </datafield>
    <datafield tag="933" ind1=" " ind2=" ">
      <subfield code="a">CC0</subfield>
    </datafield>
  </record>
  <record type="Holdings">
    <leader>00000ny  a22000003n 4500</leader>
    <controlfield tag="001">839090935</controlfield>
    <controlfield tag="003">DE-101</controlfield>
    <controlfield tag="005">20221012050716.0</controlfield>
    <controlfield tag="008">991205||||||||||||||||ger|||||||</controlfield>
    <datafield tag="035" ind1=" " ind2=" ">
      <subfield code="a">(DE-601)242536948</subfield>
    </datafield>
    <datafield tag="035" ind1=" " ind2=" ">
      <subfield code="a">(DE-1)12954342X</subfield>
    </datafield>
    <datafield tag="092" ind1=" " ind2=" ">
      <subfield code="a">910107-X</subfield>
      <subfield code="d">1</subfield>
      <subfield code="k">BER</subfield>
      <subfield code="l">a</subfield>
      <subfield code="o">c</subfield>
    </datafield>
    <datafield tag="852" ind1=" " ind2=" ">
      <subfield code="8">1</subfield>
    </datafield>
    <datafield tag="852" ind1=" " ind2="1">
      <subfield code="c">Th 4756/988</subfield>
      <subfield code="m">u</subfield>
      <subfield code="=">l</subfield>
      <subfield code="9">00</subfield>
    </datafield>
    <datafield tag="852" ind1=" " ind2=" ">
      <subfield code="a">DE-1</subfield>
    </datafield>
    <datafield tag="859" ind1="0" ind2="0">
      <subfield code="8">1.1\x</subfield>
      <subfield code="a">2</subfield>
      <subfield code="i">1937/38</subfield>
    </datafield>
    <datafield tag="859" ind1="1" ind2="0">
      <subfield code="8">1.2\x</subfield>
      <subfield code="a">3</subfield>
      <subfield code="i">1939/40</subfield>
    </datafield>
    <datafield tag="866" ind1="3" ind2="0">
      <subfield code="a">2.1937/38 - 3.1939/40(1941)</subfield>
    </datafield>
    <datafield tag="933" ind1=" " ind2=" ">
      <subfield code="a">CC0</subfield>
    </datafield>
  </record>
  <record type="Holdings">
    <leader>00000ny  a22000003n 4500</leader>
    <controlfield tag="001">839090943</controlfield>
    <controlfield tag="003">DE-101</controlfield>
    <controlfield tag="005">20221012050717.0</controlfield>
    <controlfield tag="008">991205||||||||||||||||ger|||||||</controlfield>
    <datafield tag="035" ind1=" " ind2=" ">
      <subfield code="a">(DE-601)242536956</subfield>
    </datafield>
    <datafield tag="035" ind1=" " ind2=" ">
      <subfield code="a">(DE-1)12954342X</subfield>
    </datafield>
    <datafield tag="092" ind1=" " ind2=" ">
      <subfield code="a">910107-X</subfield>
      <subfield code="d">1</subfield>
      <subfield code="k">BER</subfield>
      <subfield code="l">a</subfield>
      <subfield code="o">c</subfield>
    </datafield>
    <datafield tag="852" ind1=" " ind2=" ">
      <subfield code="8">2</subfield>
    </datafield>
    <datafield tag="852" ind1=" " ind2="1">
      <subfield code="c">Th 4756/988&lt;2></subfield>
      <subfield code="m">u</subfield>
      <subfield code="=">l</subfield>
      <subfield code="9">00</subfield>
    </datafield>
    <datafield tag="852" ind1=" " ind2=" ">
      <subfield code="a">DE-1</subfield>
    </datafield>
    <datafield tag="859" ind1="0" ind2="0">
      <subfield code="8">1.1\x</subfield>
      <subfield code="a">1</subfield>
      <subfield code="i">1936</subfield>
    </datafield>
    <datafield tag="866" ind1="3" ind2="0">
      <subfield code="a">1.1936</subfield>
    </datafield>
    <datafield tag="866" ind1=" " ind2="0">
      <subfield code="z">2.Ausg.</subfield>
    </datafield>
    <datafield tag="933" ind1=" " ind2=" ">
      <subfield code="a">CC0</subfield>
    </datafield>
  </record>
  <record type="Holdings">
    <leader>00000ny  a22000003n 4500</leader>
    <controlfield tag="001">839090951</controlfield>
    <controlfield tag="003">DE-101</controlfield>
    <controlfield tag="005">20221012050717.0</controlfield>
    <controlfield tag="008">991205||||||||||||||||ger|||||||</controlfield>
    <datafield tag="035" ind1=" " ind2=" ">
      <subfield code="a">(DE-601)418322619</subfield>
    </datafield>
    <datafield tag="035" ind1=" " ind2=" ">
      <subfield code="a">(DE-1a)12954342X</subfield>
    </datafield>
    <datafield tag="092" ind1=" " ind2=" ">
      <subfield code="a">101005-0</subfield>
      <subfield code="d">1a</subfield>
      <subfield code="k">BER</subfield>
      <subfield code="l">a</subfield>
      <subfield code="o">c</subfield>
    </datafield>
    <datafield tag="852" ind1=" " ind2=" ">
      <subfield code="8">3</subfield>
    </datafield>
    <datafield tag="852" ind1=" " ind2="1">
      <subfield code="c">Zsn 3819</subfield>
      <subfield code="m">u</subfield>
      <subfield code="=">l</subfield>
      <subfield code="9">00</subfield>
    </datafield>
    <datafield tag="852" ind1=" " ind2="2">
      <subfield code="b">Außenmagazin</subfield>
      <subfield code="9">09</subfield>
    </datafield>
    <datafield tag="852" ind1=" " ind2=" ">
      <subfield code="a">DE-1a</subfield>
    </datafield>
    <datafield tag="859" ind1="0" ind2="0">
      <subfield code="8">1.1\x</subfield>
      <subfield code="a">4</subfield>
      <subfield code="i">1945/46</subfield>
    </datafield>
    <datafield tag="859" ind1="1" ind2="0">
      <subfield code="8">1.2\x</subfield>
      <subfield code="a">10</subfield>
      <subfield code="i">1965/70</subfield>
    </datafield>
    <datafield tag="866" ind1="3" ind2="0">
      <subfield code="a">4.1945/46(1950) - 10.1965/70(1971)</subfield>
    </datafield>
    <datafield tag="933" ind1=" " ind2=" ">
      <subfield code="a">CC0</subfield>
    </datafield>
  </record>
  <record type="Holdings">
    <leader>00000ny  a22000003n 4500</leader>
    <controlfield tag="001">83909096X</controlfield>
    <controlfield tag="003">DE-101</controlfield>
    <controlfield tag="005">20221012050717.0</controlfield>
    <controlfield tag="008">991205||||||||||||||||ger|||||||</controlfield>
    <datafield tag="035" ind1=" " ind2=" ">
      <subfield code="a">(DE-601)418322627</subfield>
    </datafield>
    <datafield tag="035" ind1=" " ind2=" ">
      <subfield code="a">(DE-1a)12954342X</subfield>
    </datafield>
    <datafield tag="092" ind1=" " ind2=" ">
      <subfield code="a">101005-0</subfield>
      <subfield code="d">1a</subfield>
      <subfield code="k">BER</subfield>
      <subfield code="l">a</subfield>
      <subfield code="o">c</subfield>
    </datafield>
    <datafield tag="852" ind1=" " ind2=" ">
      <subfield code="8">4</subfield>
    </datafield>
    <datafield tag="852" ind1=" " ind2="1">
      <subfield code="c">Zsn 3819;N.F.</subfield>
      <subfield code="m">u</subfield>
      <subfield code="=">l</subfield>
      <subfield code="9">00</subfield>
    </datafield>
    <datafield tag="852" ind1=" " ind2="2">
      <subfield code="b">Außenmagazin</subfield>
      <subfield code="9">09</subfield>
    </datafield>
    <datafield tag="852" ind1=" " ind2=" ">
      <subfield code="a">DE-1a</subfield>
    </datafield>
    <datafield tag="859" ind1="0" ind2="0">
      <subfield code="8">1.1\x</subfield>
      <subfield code="a">1</subfield>
      <subfield code="i">1978</subfield>
    </datafield>
    <datafield tag="859" ind1="1" ind2="0">
      <subfield code="8">1.2\x</subfield>
      <subfield code="a">8</subfield>
      <subfield code="i">1991</subfield>
    </datafield>
    <datafield tag="866" ind1="3" ind2="0">
      <subfield code="a">1.1978 - 8.1991</subfield>
    </datafield>
    <datafield tag="866" ind1=" " ind2="0">
      <subfield code="z">Mehr nicht vh.</subfield>
    </datafield>
    <datafield tag="933" ind1=" " ind2=" ">
      <subfield code="a">CC0</subfield>
    </datafield>
  </record>
  <record type="Holdings">
    <leader>00000ny  a22000003n 4500</leader>
    <controlfield tag="001">839090978</controlfield>
    <controlfield tag="003">DE-101</controlfield>
    <controlfield tag="005">20221012050717.0</controlfield>
    <controlfield tag="008">991205||||||||||||||||ger|||||||</controlfield>
    <datafield tag="035" ind1=" " ind2=" ">
      <subfield code="a">(DE-601)418322651</subfield>
    </datafield>
    <datafield tag="035" ind1=" " ind2=" ">
      <subfield code="a">(DE-1)12954342X</subfield>
    </datafield>
    <datafield tag="092" ind1=" " ind2=" ">
      <subfield code="a">910107-X</subfield>
      <subfield code="d">1</subfield>
      <subfield code="k">BER</subfield>
      <subfield code="l">a</subfield>
      <subfield code="o">c</subfield>
    </datafield>
    <datafield tag="852" ind1=" " ind2=" ">
      <subfield code="8">5</subfield>
    </datafield>
    <datafield tag="852" ind1=" " ind2="1">
      <subfield code="c">Th 4756/988</subfield>
      <subfield code="m">u</subfield>
      <subfield code="=">l</subfield>
      <subfield code="9">00</subfield>
    </datafield>
    <datafield tag="852" ind1=" " ind2=" ">
      <subfield code="a">DE-1</subfield>
    </datafield>
    <datafield tag="859" ind1="0" ind2="0">
      <subfield code="8">1.1\x</subfield>
      <subfield code="a">4</subfield>
      <subfield code="i">1945/46</subfield>
    </datafield>
    <datafield tag="859" ind1="1" ind2="0">
      <subfield code="8">1.2\x</subfield>
      <subfield code="a">10</subfield>
      <subfield code="i">1965/70</subfield>
    </datafield>
    <datafield tag="866" ind1="3" ind2="0">
      <subfield code="a">4.1945/46(1950) - 10.1965/70(1971)</subfield>
    </datafield>
    <datafield tag="933" ind1=" " ind2=" ">
      <subfield code="a">CC0</subfield>
    </datafield>
  </record>
  <record type="Holdings">
    <leader>00000ny  a22000003n 4500</leader>
    <controlfield tag="001">839090986</controlfield>
    <controlfield tag="003">DE-101</controlfield>
    <controlfield tag="005">20221012050717.0</controlfield>
    <controlfield tag="008">991205||||||||||||||||ger|||||||</controlfield>
    <datafield tag="035" ind1=" " ind2=" ">
      <subfield code="a">(DE-601)41832266X</subfield>
    </datafield>
    <datafield tag="035" ind1=" " ind2=" ">
      <subfield code="a">(DE-1a)12954342X</subfield>
    </datafield>
    <datafield tag="092" ind1=" " ind2=" ">
      <subfield code="a">101005-0</subfield>
      <subfield code="d">1a</subfield>
      <subfield code="k">BER</subfield>
      <subfield code="l">a</subfield>
      <subfield code="o">c</subfield>
    </datafield>
    <datafield tag="852" ind1=" " ind2=" ">
      <subfield code="8">6</subfield>
    </datafield>
    <datafield tag="852" ind1=" " ind2="1">
      <subfield code="c">32 SA 1432</subfield>
      <subfield code="m">u</subfield>
      <subfield code="=">l</subfield>
      <subfield code="9">00</subfield>
    </datafield>
    <datafield tag="852" ind1=" " ind2="2">
      <subfield code="b">Außenmagazin</subfield>
      <subfield code="9">09</subfield>
    </datafield>
    <datafield tag="852" ind1=" " ind2=" ">
      <subfield code="a">DE-1a</subfield>
    </datafield>
    <datafield tag="859" ind1="0" ind2="0">
      <subfield code="8">1.1\x</subfield>
      <subfield code="a">1</subfield>
      <subfield code="i">1978</subfield>
    </datafield>
    <datafield tag="859" ind1="1" ind2="0">
      <subfield code="8">1.2\x</subfield>
      <subfield code="a">8</subfield>
      <subfield code="i">1991</subfield>
    </datafield>
    <datafield tag="866" ind1="3" ind2="0">
      <subfield code="9">N.F.</subfield>
    </datafield>
    <datafield tag="866" ind1="3" ind2="0">
      <subfield code="a">1.1978 - 8.1991</subfield>
    </datafield>
    <datafield tag="933" ind1=" " ind2=" ">
      <subfield code="a">CC0</subfield>
    </datafield>
  </record>
  <record type="Holdings">
    <leader>00000ny  a22000003n 4500</leader>
    <controlfield tag="001">810414112</controlfield>
    <controlfield tag="003">DE-101</controlfield>
    <controlfield tag="005">20241112213713.0</controlfield>
    <controlfield tag="008">991205||||||||||||||||ger|||||||</controlfield>
    <datafield tag="035" ind1=" " ind2=" ">
      <subfield code="a">(DE-601)636836371</subfield>
    </datafield>
    <datafield tag="035" ind1=" " ind2=" ">
      <subfield code="a">(DE-B41)12954342X</subfield>
    </datafield>
    <datafield tag="092" ind1=" " ind2=" ">
      <subfield code="a">180041-3</subfield>
      <subfield code="d">B 41</subfield>
      <subfield code="k">BER</subfield>
      <subfield code="l">b</subfield>
      <subfield code="o">d</subfield>
    </datafield>
    <datafield tag="852" ind1=" " ind2=" ">
      <subfield code="8">1</subfield>
    </datafield>
    <datafield tag="852" ind1=" " ind2="1">
      <subfield code="c">24a H 12</subfield>
      <subfield code="m">i</subfield>
      <subfield code="=">n</subfield>
      <subfield code="9">00</subfield>
    </datafield>
    <datafield tag="852" ind1=" " ind2=" ">
      <subfield code="a">DE-B41</subfield>
    </datafield>
    <datafield tag="859" ind1="0" ind2="0">
      <subfield code="8">1.1\x</subfield>
      <subfield code="a">1</subfield>
      <subfield code="i">1978</subfield>
    </datafield>
    <datafield tag="859" ind1="1" ind2="0">
      <subfield code="8">1.2\x</subfield>
      <subfield code="a">10</subfield>
      <subfield code="i">1997</subfield>
    </datafield>
    <datafield tag="866" ind1="3" ind2="0">
      <subfield code="a">N.F.1.1978 - 10.1997</subfield>
    </datafield>
    <datafield tag="933" ind1=" " ind2=" ">
      <subfield code="a">CC0</subfield>
    </datafield>
  </record>
  <record type="Holdings">
    <leader>00000ny  a22000003n 4500</leader>
    <controlfield tag="001">810414066</controlfield>
    <controlfield tag="003">DE-101</controlfield>
    <controlfield tag="005">20231004193900.0</controlfield>
    <controlfield tag="008">960603||||||||||||||||ger|||||||</controlfield>
    <datafield tag="035" ind1=" " ind2=" ">
      <subfield code="a">(DE-601)125486219</subfield>
    </datafield>
    <datafield tag="035" ind1=" " ind2=" ">
      <subfield code="a">(DE-3)12954342X</subfield>
    </datafield>
    <datafield tag="092" ind1=" " ind2=" ">
      <subfield code="a">931000-9</subfield>
      <subfield code="d">3</subfield>
      <subfield code="k">SAA</subfield>
      <subfield code="l">a</subfield>
      <subfield code="o">b</subfield>
    </datafield>
    <datafield tag="852" ind1=" " ind2=" ">
      <subfield code="8">1</subfield>
    </datafield>
    <datafield tag="852" ind1=" " ind2="1">
      <subfield code="c">ZA 8662</subfield>
      <subfield code="m">f</subfield>
      <subfield code="=">k</subfield>
      <subfield code="9">00</subfield>
    </datafield>
    <datafield tag="852" ind1=" " ind2="2">
      <subfield code="b">M1</subfield>
      <subfield code="9">09</subfield>
    </datafield>
    <datafield tag="852" ind1=" " ind2=" ">
      <subfield code="a">DE-3</subfield>
    </datafield>
    <datafield tag="859" ind1="0" ind2="0">
      <subfield code="8">1.1\x</subfield>
      <subfield code="a">1</subfield>
      <subfield code="i">1936</subfield>
    </datafield>
    <datafield tag="859" ind1="1" ind2="0">
      <subfield code="8">1.2\x</subfield>
      <subfield code="a">10</subfield>
      <subfield code="i">1965/70</subfield>
    </datafield>
    <datafield tag="866" ind1="3" ind2="0">
      <subfield code="a">1.1936 - 10.1965/70(1971)</subfield>
    </datafield>
    <datafield tag="933" ind1=" " ind2=" ">
      <subfield code="a">CC0</subfield>
    </datafield>
  </record>
  <record type="Holdings">
    <leader>00000ny  a22000003n 4500</leader>
    <controlfield tag="001">810414074</controlfield>
    <controlfield tag="003">DE-101</controlfield>
    <controlfield tag="005">20231004193901.0</controlfield>
    <controlfield tag="008">960603||||||||||||||||ger|||||||</controlfield>
    <datafield tag="035" ind1=" " ind2=" ">
      <subfield code="a">(DE-601)125486227</subfield>
    </datafield>
    <datafield tag="035" ind1=" " ind2=" ">
      <subfield code="a">(DE-3)12954342X</subfield>
    </datafield>
    <datafield tag="092" ind1=" " ind2=" ">
      <subfield code="a">931000-9</subfield>
      <subfield code="d">3</subfield>
      <subfield code="k">SAA</subfield>
      <subfield code="l">a</subfield>
      <subfield code="o">b</subfield>
    </datafield>
    <datafield tag="852" ind1=" " ind2=" ">
      <subfield code="8">2</subfield>
    </datafield>
    <datafield tag="852" ind1=" " ind2="1">
      <subfield code="c">ZA 9087</subfield>
      <subfield code="m">f</subfield>
      <subfield code="=">k</subfield>
      <subfield code="9">00</subfield>
    </datafield>
    <datafield tag="852" ind1=" " ind2="2">
      <subfield code="b">M1</subfield>
      <subfield code="9">09</subfield>
    </datafield>
    <datafield tag="852" ind1=" " ind2=" ">
      <subfield code="a">DE-3</subfield>
    </datafield>
    <datafield tag="859" ind1="0" ind2="0">
      <subfield code="8">1.1\x</subfield>
      <subfield code="a">1</subfield>
      <subfield code="i">1978</subfield>
    </datafield>
    <datafield tag="859" ind1="1" ind2="0">
      <subfield code="8">1.2\x</subfield>
      <subfield code="a">10</subfield>
      <subfield code="i">1997</subfield>
    </datafield>
    <datafield tag="866" ind1="3" ind2="0">
      <subfield code="a">1.1978 - 10.1997</subfield>
    </datafield>
    <datafield tag="933" ind1=" " ind2=" ">
      <subfield code="a">CC0</subfield>
    </datafield>
  </record>
  <record type="Holdings">
    <leader>00000ny  a22000003n 4500</leader>
    <controlfield tag="001">810414104</controlfield>
    <controlfield tag="003">DE-101</controlfield>
    <controlfield tag="005">20250226171650.0</controlfield>
    <controlfield tag="008">010514||||||||||||||||ger|||||||</controlfield>
    <datafield tag="035" ind1=" " ind2=" ">
      <subfield code="a">(DE-601)500443602</subfield>
    </datafield>
    <datafield tag="035" ind1=" " ind2=" ">
      <subfield code="a">(DE-Ha2)12954342X</subfield>
    </datafield>
    <datafield tag="092" ind1=" " ind2=" ">
      <subfield code="a">938102-8</subfield>
      <subfield code="d">Ha 2</subfield>
      <subfield code="k">SAA</subfield>
      <subfield code="l">a</subfield>
      <subfield code="o">c</subfield>
    </datafield>
    <datafield tag="852" ind1=" " ind2=" ">
      <subfield code="8">1</subfield>
    </datafield>
    <datafield tag="852" ind1=" " ind2="1">
      <subfield code="c">Na 1 / 751. 8°</subfield>
      <subfield code="m">u</subfield>
      <subfield code="=">l</subfield>
      <subfield code="9">00</subfield>
    </datafield>
    <datafield tag="852" ind1=" " ind2="2">
      <subfield code="b">Aussenmagazin</subfield>
      <subfield code="9">09</subfield>
    </datafield>
    <datafield tag="852" ind1=" " ind2=" ">
      <subfield code="a">DE-Ha2</subfield>
    </datafield>
    <datafield tag="859" ind1="0" ind2="0">
      <subfield code="8">1.1\x</subfield>
      <subfield code="a">6</subfield>
      <subfield code="i">1953/55</subfield>
    </datafield>
    <datafield tag="859" ind1="0" ind2="0">
      <subfield code="8">2.1\x</subfield>
      <subfield code="a">8</subfield>
      <subfield code="i">1960</subfield>
    </datafield>
    <datafield tag="866" ind1="3" ind2="0">
      <subfield code="a">6.1953/55(1956) ; 8.1960</subfield>
    </datafield>
    <datafield tag="933" ind1=" " ind2=" ">
      <subfield code="a">CC0</subfield>
    </datafield>
  </record>
  <record type="Holdings">
    <leader>00000ny  a22000003n 4500</leader>
    <controlfield tag="001">057076634</controlfield>
    <controlfield tag="003">DE-101</controlfield>
    <controlfield tag="005">20170320173806.0</controlfield>
    <controlfield tag="008">981116||||||||||||||||ger|||||||</controlfield>
    <datafield tag="035" ind1=" " ind2=" ">
      <subfield code="a">(DE-603)040695492</subfield>
    </datafield>
    <datafield tag="092" ind1=" " ind2=" ">
      <subfield code="a">351000-1</subfield>
      <subfield code="d">4</subfield>
      <subfield code="k">HES</subfield>
      <subfield code="l">a</subfield>
      <subfield code="o">c</subfield>
    </datafield>
    <datafield tag="852" ind1=" " ind2=" ">
      <subfield code="8">1</subfield>
    </datafield>
    <datafield tag="852" ind1=" " ind2="1">
      <subfield code="c">VII eC 784 afv</subfield>
      <subfield code="9">00</subfield>
    </datafield>
    <datafield tag="852" ind1=" " ind2=" ">
      <subfield code="a">DE-4</subfield>
    </datafield>
    <datafield tag="859" ind1="0" ind2="0">
      <subfield code="8">1.1\x</subfield>
      <subfield code="a">1</subfield>
      <subfield code="i">1936</subfield>
    </datafield>
    <datafield tag="859" ind1="1" ind2="0">
      <subfield code="8">1.2\x</subfield>
      <subfield code="a">10</subfield>
      <subfield code="i">1970</subfield>
    </datafield>
    <datafield tag="859" ind1="0" ind2="0">
      <subfield code="8">2.1\x</subfield>
      <subfield code="a">1</subfield>
      <subfield code="i">1978</subfield>
    </datafield>
    <datafield tag="859" ind1="1" ind2="0">
      <subfield code="8">2.2\x</subfield>
      <subfield code="a">2</subfield>
      <subfield code="i">1979</subfield>
    </datafield>
    <datafield tag="859" ind1="0" ind2="0">
      <subfield code="8">3.1\x</subfield>
      <subfield code="a">5</subfield>
      <subfield code="i">1985</subfield>
    </datafield>
    <datafield tag="859" ind1="0" ind2="0">
      <subfield code="8">4.1\x</subfield>
      <subfield code="a">11</subfield>
      <subfield code="i">2001</subfield>
    </datafield>
    <datafield tag="866" ind1="3" ind2="0">
      <subfield code="a">1.1936 - 10.1965/70(1971); N.F. 1.1978 - 2.1979; 5.1985; N.F. 11.2001</subfield>
    </datafield>
    <datafield tag="933" ind1=" " ind2=" ">
      <subfield code="a">CC0</subfield>
    </datafield>
  </record>
  <record type="Holdings">
    <leader>00000ny  a22000003n 4500</leader>
    <controlfield tag="001">017635950</controlfield>
    <controlfield tag="003">DE-101</controlfield>
    <controlfield tag="005">20240503161351.0</controlfield>
    <controlfield tag="008">991205||||||||||||||||ger|||||||</controlfield>
    <datafield tag="035" ind1=" " ind2=" ">
      <subfield code="a">(DE-605)22277083300006467</subfield>
    </datafield>
    <datafield tag="092" ind1=" " ind2=" ">
      <subfield code="a">531000-3</subfield>
      <subfield code="d">5</subfield>
      <subfield code="k">NRW</subfield>
      <subfield code="l">a</subfield>
      <subfield code="o">b</subfield>
      <subfield code="y">90</subfield>
    </datafield>
    <datafield tag="852" ind1=" " ind2=" ">
      <subfield code="8">1</subfield>
    </datafield>
    <datafield tag="852" ind1=" " ind2="1">
      <subfield code="c">Z 64/58</subfield>
      <subfield code="9">00</subfield>
    </datafield>
    <datafield tag="852" ind1=" " ind2=" ">
      <subfield code="a">DE-5</subfield>
    </datafield>
    <datafield tag="859" ind1="0" ind2="0">
      <subfield code="8">1.1\x</subfield>
      <subfield code="a">1</subfield>
      <subfield code="i">1936</subfield>
    </datafield>
    <datafield tag="859" ind1="1" ind2="0">
      <subfield code="8">1.2\x</subfield>
      <subfield code="a">10</subfield>
      <subfield code="i">1965/70</subfield>
    </datafield>
    <datafield tag="866" ind1="3" ind2="0">
      <subfield code="a">1.1936 - 10.1965/70(1971)</subfield>
    </datafield>
    <datafield tag="933" ind1=" " ind2=" ">
      <subfield code="a">CC0</subfield>
    </datafield>
  </record>
  <record type="Holdings">
    <leader>00000ny  a22000003n 4500</leader>
    <controlfield tag="001">017635969</controlfield>
    <controlfield tag="003">DE-101</controlfield>
    <controlfield tag="005">20240503161321.0</controlfield>
    <controlfield tag="008">991205||||||||||||||||ger|||||||</controlfield>
    <datafield tag="035" ind1=" " ind2=" ">
      <subfield code="a">(DE-605)22277083330006467</subfield>
    </datafield>
    <datafield tag="092" ind1=" " ind2=" ">
      <subfield code="a">531000-3</subfield>
      <subfield code="d">5</subfield>
      <subfield code="k">NRW</subfield>
      <subfield code="l">a</subfield>
      <subfield code="o">b</subfield>
      <subfield code="y">90</subfield>
    </datafield>
    <datafield tag="852" ind1=" " ind2=" ">
      <subfield code="8">2</subfield>
    </datafield>
    <datafield tag="852" ind1=" " ind2="1">
      <subfield code="c">Z 64/58</subfield>
      <subfield code="9">00</subfield>
    </datafield>
    <datafield tag="852" ind1=" " ind2=" ">
      <subfield code="a">DE-5</subfield>
    </datafield>
    <datafield tag="859" ind1="0" ind2="0">
      <subfield code="8">1.1\x</subfield>
      <subfield code="a">1</subfield>
      <subfield code="i">1978</subfield>
    </datafield>
    <datafield tag="859" ind1="1" ind2="0">
      <subfield code="8">1.2\x</subfield>
      <subfield code="a">9</subfield>
      <subfield code="i">1993</subfield>
    </datafield>
    <datafield tag="866" ind1="3" ind2="0">
      <subfield code="9">N.F.</subfield>
    </datafield>
    <datafield tag="866" ind1="3" ind2="0">
      <subfield code="a">1.1978 - 9.1993</subfield>
    </datafield>
    <datafield tag="933" ind1=" " ind2=" ">
      <subfield code="a">CC0</subfield>
    </datafield>
  </record>
  <record type="Holdings">
    <leader>00000ny  a22000003n 4500</leader>
    <controlfield tag="001">017635977</controlfield>
    <controlfield tag="003">DE-101</controlfield>
    <controlfield tag="005">20240503161310.0</controlfield>
    <controlfield tag="008">991205||||||||||||||||ger|||||||</controlfield>
    <datafield tag="035" ind1=" " ind2=" ">
      <subfield code="a">(DE-605)22277083340006467</subfield>
    </datafield>
    <datafield tag="092" ind1=" " ind2=" ">
      <subfield code="a">531000-3</subfield>
      <subfield code="d">5</subfield>
      <subfield code="k">NRW</subfield>
      <subfield code="l">a</subfield>
      <subfield code="o">b</subfield>
      <subfield code="y">90</subfield>
    </datafield>
    <datafield tag="852" ind1=" " ind2=" ">
      <subfield code="8">3</subfield>
    </datafield>
    <datafield tag="852" ind1=" " ind2="1">
      <subfield code="c">Z 64/58</subfield>
      <subfield code="9">00</subfield>
    </datafield>
    <datafield tag="852" ind1=" " ind2=" ">
      <subfield code="a">DE-5</subfield>
    </datafield>
    <datafield tag="859" ind1="0" ind2="0">
      <subfield code="8">1.1\x</subfield>
      <subfield code="a">1</subfield>
      <subfield code="i">1936</subfield>
    </datafield>
    <datafield tag="866" ind1="3" ind2="0">
      <subfield code="a">1.1936</subfield>
    </datafield>
    <datafield tag="866" ind1=" " ind2="0">
      <subfield code="z">2.Aufl.</subfield>
    </datafield>
    <datafield tag="933" ind1=" " ind2=" ">
      <subfield code="a">CC0</subfield>
    </datafield>
  </record>
  <record type="Holdings">
    <leader>00000ny  a22000003n 4500</leader>
    <controlfield tag="001">017635985</controlfield>
    <controlfield tag="003">DE-101</controlfield>
    <controlfield tag="005">20240503161346.0</controlfield>
    <controlfield tag="008">991205||||||||||||||||ger|||||||</controlfield>
    <datafield tag="035" ind1=" " ind2=" ">
      <subfield code="a">(DE-605)22277083280006467</subfield>
    </datafield>
    <datafield tag="092" ind1=" " ind2=" ">
      <subfield code="a">532039-2</subfield>
      <subfield code="d">5/39</subfield>
      <subfield code="k">NRW</subfield>
      <subfield code="l">b</subfield>
      <subfield code="o">d</subfield>
    </datafield>
    <datafield tag="852" ind1=" " ind2=" ">
      <subfield code="8">1</subfield>
    </datafield>
    <datafield tag="852" ind1=" " ind2="1">
      <subfield code="c">Z 1625</subfield>
      <subfield code="9">00</subfield>
    </datafield>
    <datafield tag="852" ind1=" " ind2=" ">
      <subfield code="a">DE-5-39</subfield>
    </datafield>
    <datafield tag="859" ind1="0" ind2="0">
      <subfield code="8">1.1\x</subfield>
      <subfield code="a">1</subfield>
      <subfield code="i">1936</subfield>
    </datafield>
    <datafield tag="859" ind1="1" ind2="0">
      <subfield code="8">1.2\x</subfield>
      <subfield code="a">10</subfield>
      <subfield code="i">1965/70</subfield>
    </datafield>
    <datafield tag="866" ind1="3" ind2="0">
      <subfield code="a">1.1936 - 10.1965/70</subfield>
    </datafield>
    <datafield tag="933" ind1=" " ind2=" ">
      <subfield code="a">CC0</subfield>
    </datafield>
  </record>
  <record type="Holdings">
    <leader>00000ny  a22000003n 4500</leader>
    <controlfield tag="001">132493993</controlfield>
    <controlfield tag="003">DE-101</controlfield>
    <controlfield tag="005">20240503161344.0</controlfield>
    <controlfield tag="008">071030||||||||||||||||ger|||||||</controlfield>
    <datafield tag="035" ind1=" " ind2=" ">
      <subfield code="a">(DE-605)22277083270006467</subfield>
    </datafield>
    <datafield tag="092" ind1=" " ind2=" ">
      <subfield code="a">532099-9</subfield>
      <subfield code="d">5/99</subfield>
      <subfield code="k">NRW</subfield>
      <subfield code="l">b</subfield>
      <subfield code="o">d</subfield>
    </datafield>
    <datafield tag="852" ind1=" " ind2=" ">
      <subfield code="8">1</subfield>
    </datafield>
    <datafield tag="852" ind1=" " ind2="1">
      <subfield code="c">ZS60 31</subfield>
      <subfield code="9">00</subfield>
    </datafield>
    <datafield tag="852" ind1=" " ind2=" ">
      <subfield code="a">DE-5-99</subfield>
    </datafield>
    <datafield tag="859" ind1="0" ind2="0">
      <subfield code="8">1.1\x</subfield>
      <subfield code="a">8</subfield>
      <subfield code="i">1960</subfield>
    </datafield>
    <datafield tag="866" ind1="3" ind2="0">
      <subfield code="a">8.1960</subfield>
    </datafield>
    <datafield tag="933" ind1=" " ind2=" ">
      <subfield code="a">CC0</subfield>
    </datafield>
  </record>
  <record type="Holdings">
    <leader>00000ny  a22000003n 4500</leader>
    <controlfield tag="001">017635993</controlfield>
    <controlfield tag="003">DE-101</controlfield>
    <controlfield tag="005">20240302091916.0</controlfield>
    <controlfield tag="008">991205||||||||||||||||ger|||||||</controlfield>
    <datafield tag="035" ind1=" " ind2=" ">
      <subfield code="a">(DE-605)22507824800006449</subfield>
    </datafield>
    <datafield tag="092" ind1=" " ind2=" ">
      <subfield code="a">441000-2</subfield>
      <subfield code="d">6</subfield>
      <subfield code="k">NRW</subfield>
      <subfield code="l">a</subfield>
      <subfield code="o">c</subfield>
    </datafield>
    <datafield tag="852" ind1=" " ind2=" ">
      <subfield code="8">1</subfield>
    </datafield>
    <datafield tag="852" ind1=" " ind2="1">
      <subfield code="c">ZD 3821</subfield>
      <subfield code="9">00</subfield>
    </datafield>
    <datafield tag="852" ind1=" " ind2=" ">
      <subfield code="a">DE-6</subfield>
    </datafield>
    <datafield tag="859" ind1="0" ind2="0">
      <subfield code="8">1.1\x</subfield>
      <subfield code="i">1936</subfield>
    </datafield>
    <datafield tag="859" ind1="1" ind2="0">
      <subfield code="8">1.2\x</subfield>
      <subfield code="i">1965/70</subfield>
    </datafield>
    <datafield tag="866" ind1="3" ind2="0">
      <subfield code="a">1936 - 1965/70</subfield>
    </datafield>
    <datafield tag="933" ind1=" " ind2=" ">
      <subfield code="a">CC0</subfield>
    </datafield>
  </record>
  <record type="Holdings">
    <leader>00000ny  a22000003n 4500</leader>
    <controlfield tag="001">017636000</controlfield>
    <controlfield tag="003">DE-101</controlfield>
    <controlfield tag="005">20240303021328.0</controlfield>
    <controlfield tag="008">991205||||||||||||||||ger|||||||</controlfield>
    <datafield tag="035" ind1=" " ind2=" ">
      <subfield code="a">(DE-605)22507824790006449</subfield>
    </datafield>
    <datafield tag="092" ind1=" " ind2=" ">
      <subfield code="a">441000-2</subfield>
      <subfield code="d">6</subfield>
      <subfield code="k">NRW</subfield>
      <subfield code="l">a</subfield>
      <subfield code="o">c</subfield>
    </datafield>
    <datafield tag="852" ind1=" " ind2=" ">
      <subfield code="8">2</subfield>
    </datafield>
    <datafield tag="852" ind1=" " ind2="1">
      <subfield code="c">ZD 3821</subfield>
      <subfield code="9">00</subfield>
    </datafield>
    <datafield tag="852" ind1=" " ind2=" ">
      <subfield code="a">DE-6</subfield>
    </datafield>
    <datafield tag="859" ind1="0" ind2="0">
      <subfield code="8">1.1\x</subfield>
      <subfield code="a">1</subfield>
      <subfield code="i">1978</subfield>
    </datafield>
    <datafield tag="859" ind1="1" ind2="0">
      <subfield code="8">1.2\x</subfield>
      <subfield code="a">13</subfield>
      <subfield code="i">2012</subfield>
    </datafield>
    <datafield tag="866" ind1="3" ind2="0">
      <subfield code="9">N.F.</subfield>
    </datafield>
    <datafield tag="866" ind1="3" ind2="0">
      <subfield code="a">1.1978 - 13.2012</subfield>
    </datafield>
    <datafield tag="933" ind1=" " ind2=" ">
      <subfield code="a">CC0</subfield>
    </datafield>
  </record>
  <record type="Holdings">
    <leader>00000ny  a22000003n 4500</leader>
    <controlfield tag="001">017636019</controlfield>
    <controlfield tag="003">DE-101</controlfield>
    <controlfield tag="005">20240302053306.0</controlfield>
    <controlfield tag="008">991205||||||||||||||||ger|||||||</controlfield>
    <datafield tag="035" ind1=" " ind2=" ">
      <subfield code="a">(DE-605)22507824810006449</subfield>
    </datafield>
    <datafield tag="092" ind1=" " ind2=" ">
      <subfield code="a">441210-2</subfield>
      <subfield code="d">6/210</subfield>
      <subfield code="k">NRW</subfield>
      <subfield code="l">b</subfield>
      <subfield code="o">d</subfield>
    </datafield>
    <datafield tag="852" ind1=" " ind2=" ">
      <subfield code="8">1</subfield>
    </datafield>
    <datafield tag="852" ind1=" " ind2="1">
      <subfield code="c">Bp 1360/12</subfield>
      <subfield code="9">00</subfield>
    </datafield>
    <datafield tag="852" ind1=" " ind2=" ">
      <subfield code="a">DE-6-210</subfield>
    </datafield>
    <datafield tag="859" ind1="0" ind2="0">
      <subfield code="8">1.1\x</subfield>
      <subfield code="a">4</subfield>
      <subfield code="i">1945/46</subfield>
    </datafield>
    <datafield tag="859" ind1="1" ind2="0">
      <subfield code="8">1.2\x</subfield>
      <subfield code="a">10</subfield>
      <subfield code="i">1965/70</subfield>
    </datafield>
    <datafield tag="866" ind1="3" ind2="0">
      <subfield code="a">4.1945/46(1950) - 10.1965/70(1971)</subfield>
    </datafield>
    <datafield tag="933" ind1=" " ind2=" ">
      <subfield code="a">CC0</subfield>
    </datafield>
  </record>
  <record type="Holdings">
    <leader>00000ny  a22000003n 4500</leader>
    <controlfield tag="001">10904729X</controlfield>
    <controlfield tag="003">DE-101</controlfield>
    <controlfield tag="005">20240302090142.0</controlfield>
    <controlfield tag="008">050913||||||||||||||||ger|||||||</controlfield>
    <datafield tag="035" ind1=" " ind2=" ">
      <subfield code="a">(DE-605)22507824830006449</subfield>
    </datafield>
    <datafield tag="092" ind1=" " ind2=" ">
      <subfield code="a">441210-2</subfield>
      <subfield code="d">6/210</subfield>
      <subfield code="k">NRW</subfield>
      <subfield code="l">b</subfield>
      <subfield code="o">d</subfield>
    </datafield>
    <datafield tag="852" ind1=" " ind2=" ">
      <subfield code="8">2</subfield>
    </datafield>
    <datafield tag="852" ind1=" " ind2="1">
      <subfield code="c">Bp 1360/12</subfield>
      <subfield code="9">00</subfield>
    </datafield>
    <datafield tag="852" ind1=" " ind2=" ">
      <subfield code="a">DE-6-210</subfield>
    </datafield>
    <datafield tag="859" ind1="0" ind2="0">
      <subfield code="8">1.1\x</subfield>
      <subfield code="a">1</subfield>
      <subfield code="i">1978</subfield>
    </datafield>
    <datafield tag="859" ind1="1" ind2="0">
      <subfield code="8">1.2\x</subfield>
      <subfield code="a">11</subfield>
      <subfield code="i">2001</subfield>
    </datafield>
    <datafield tag="866" ind1="3" ind2="0">
      <subfield code="9">N.F.</subfield>
    </datafield>
    <datafield tag="866" ind1="3" ind2="0">
      <subfield code="a">1.1978 - 11.2001</subfield>
    </datafield>
    <datafield tag="866" ind1="3" ind2="0">
      <subfield code="z">[N=4]</subfield>
    </datafield>
    <datafield tag="933" ind1=" " ind2=" ">
      <subfield code="a">CC0</subfield>
    </datafield>
  </record>
  <record type="Holdings">
    <leader>00000ny  a22000003n 4500</leader>
    <controlfield tag="001">810414031</controlfield>
    <controlfield tag="003">DE-101</controlfield>
    <controlfield tag="005">20220910170442.0</controlfield>
    <controlfield tag="008">960603||||||||||||||||ger|||||||</controlfield>
    <datafield tag="035" ind1=" " ind2=" ">
      <subfield code="a">(DE-601)359012817</subfield>
    </datafield>
    <datafield tag="035" ind1=" " ind2=" ">
      <subfield code="a">(DE-7)12954342X</subfield>
    </datafield>
    <datafield tag="092" ind1=" " ind2=" ">
      <subfield code="a">341000-6</subfield>
      <subfield code="d">7</subfield>
      <subfield code="k">NIE</subfield>
      <subfield code="l">a</subfield>
      <subfield code="o">c</subfield>
    </datafield>
    <datafield tag="852" ind1=" " ind2=" ">
      <subfield code="8">1</subfield>
    </datafield>
    <datafield tag="852" ind1=" " ind2="1">
      <subfield code="c">8 H RHEN 2611</subfield>
      <subfield code="m">b</subfield>
      <subfield code="=">l</subfield>
      <subfield code="9">00</subfield>
    </datafield>
    <datafield tag="852" ind1=" " ind2=" ">
      <subfield code="a">DE-7</subfield>
    </datafield>
    <datafield tag="859" ind1="0" ind2="0">
      <subfield code="8">1.1\x</subfield>
      <subfield code="a">1</subfield>
      <subfield code="i">1936</subfield>
    </datafield>
    <datafield tag="859" ind1="0" ind2="0">
      <subfield code="8">2.1\x</subfield>
      <subfield code="a">2</subfield>
      <subfield code="i">1937/38</subfield>
    </datafield>
    <datafield tag="859" ind1="1" ind2="0">
      <subfield code="8">2.2\x</subfield>
      <subfield code="a">3</subfield>
      <subfield code="i">1939/40</subfield>
    </datafield>
    <datafield tag="866" ind1="3" ind2="0">
      <subfield code="a">1.1936; 2.1937/38(1938) - 3.1939/40(1941)</subfield>
    </datafield>
    <datafield tag="933" ind1=" " ind2=" ">
      <subfield code="a">CC0</subfield>
    </datafield>
  </record>
  <record type="Holdings">
    <leader>00000ny  a22000003n 4500</leader>
    <controlfield tag="001">81041404X</controlfield>
    <controlfield tag="003">DE-101</controlfield>
    <controlfield tag="005">20220910170442.0</controlfield>
    <controlfield tag="008">940802||||||||||||||||ger|||||||</controlfield>
    <datafield tag="035" ind1=" " ind2=" ">
      <subfield code="a">(DE-601)129481939</subfield>
    </datafield>
    <datafield tag="035" ind1=" " ind2=" ">
      <subfield code="a">(DE-7)12954342X</subfield>
    </datafield>
    <datafield tag="092" ind1=" " ind2=" ">
      <subfield code="a">341000-6</subfield>
      <subfield code="d">7</subfield>
      <subfield code="k">NIE</subfield>
      <subfield code="l">a</subfield>
      <subfield code="o">c</subfield>
    </datafield>
    <datafield tag="852" ind1=" " ind2=" ">
      <subfield code="8">2</subfield>
    </datafield>
    <datafield tag="852" ind1=" " ind2="1">
      <subfield code="c">NR ZA 409</subfield>
      <subfield code="m">b</subfield>
      <subfield code="=">l</subfield>
      <subfield code="9">00</subfield>
    </datafield>
    <datafield tag="852" ind1=" " ind2=" ">
      <subfield code="a">DE-7</subfield>
    </datafield>
    <datafield tag="859" ind1="0" ind2="0">
      <subfield code="8">1.1\x</subfield>
      <subfield code="a">6</subfield>
      <subfield code="i">1953/55</subfield>
    </datafield>
    <datafield tag="866" ind1="3" ind2="0">
      <subfield code="a">6,1953/55(1956)</subfield>
    </datafield>
    <datafield tag="933" ind1=" " ind2=" ">
      <subfield code="a">CC0</subfield>
    </datafield>
  </record>
  <record type="Holdings">
    <leader>00000ny  a22000003n 4500</leader>
    <controlfield tag="001">810414058</controlfield>
    <controlfield tag="003">DE-101</controlfield>
    <controlfield tag="005">20220910170442.0</controlfield>
    <controlfield tag="008">111208||||||||||||||||ger|||||||</controlfield>
    <datafield tag="035" ind1=" " ind2=" ">
      <subfield code="a">(DE-601)1282148958</subfield>
    </datafield>
    <datafield tag="035" ind1=" " ind2=" ">
      <subfield code="a">(DE-7-053)12954342X</subfield>
    </datafield>
    <datafield tag="092" ind1=" " ind2=" ">
      <subfield code="a">341053-5</subfield>
      <subfield code="d">7/053</subfield>
      <subfield code="k">NIE</subfield>
      <subfield code="l">b</subfield>
      <subfield code="o">d</subfield>
    </datafield>
    <datafield tag="852" ind1=" " ind2=" ">
      <subfield code="8">3</subfield>
    </datafield>
    <datafield tag="852" ind1=" " ind2="1">
      <subfield code="c">L-Z 291</subfield>
      <subfield code="m">i</subfield>
      <subfield code="=">n</subfield>
      <subfield code="9">00</subfield>
    </datafield>
    <datafield tag="852" ind1=" " ind2="2">
      <subfield code="b">BBK-IHLF</subfield>
      <subfield code="9">09</subfield>
    </datafield>
    <datafield tag="852" ind1=" " ind2=" ">
      <subfield code="a">DE-7-053</subfield>
    </datafield>
    <datafield tag="859" ind1="0" ind2="0">
      <subfield code="8">1.1\x</subfield>
      <subfield code="i">1965/70</subfield>
    </datafield>
    <datafield tag="866" ind1="3" ind2="0">
      <subfield code="a">1965/70(1971)</subfield>
    </datafield>
    <datafield tag="933" ind1=" " ind2=" ">
      <subfield code="a">CC0</subfield>
    </datafield>
  </record>
  <record type="Holdings">
    <leader>00000ny  a22000003n 4500</leader>
    <controlfield tag="001">1060473917</controlfield>
    <controlfield tag="003">DE-101</controlfield>
    <controlfield tag="005">20240215185402.0</controlfield>
    <controlfield tag="008">980521||||||||||||||||ger|||||||</controlfield>
    <datafield tag="035" ind1=" " ind2=" ">
      <subfield code="a">(DE-601)284131245</subfield>
    </datafield>
    <datafield tag="035" ind1=" " ind2=" ">
      <subfield code="a">(DE-8-59)12954342X</subfield>
    </datafield>
    <datafield tag="092" ind1=" " ind2=" ">
      <subfield code="a">231059-4</subfield>
      <subfield code="d">8/59</subfield>
      <subfield code="k">HAM</subfield>
      <subfield code="l">b</subfield>
      <subfield code="o">d</subfield>
    </datafield>
    <datafield tag="852" ind1=" " ind2=" ">
      <subfield code="8">1</subfield>
    </datafield>
    <datafield tag="852" ind1=" " ind2="1">
      <subfield code="c">15 XV</subfield>
      <subfield code="m">i</subfield>
      <subfield code="=">n</subfield>
      <subfield code="9">00</subfield>
    </datafield>
    <datafield tag="852" ind1=" " ind2="2">
      <subfield code="b">8/59</subfield>
      <subfield code="9">09</subfield>
    </datafield>
    <datafield tag="852" ind1=" " ind2=" ">
      <subfield code="a">DE-8-59</subfield>
    </datafield>
    <datafield tag="859" ind1="0" ind2="0">
      <subfield code="8">1.1\x</subfield>
      <subfield code="i">1939</subfield>
    </datafield>
    <datafield tag="859" ind1="1" ind2="0">
      <subfield code="8">1.2\x</subfield>
      <subfield code="i">1940</subfield>
    </datafield>
    <datafield tag="866" ind1="3" ind2="0">
      <subfield code="a">1939 - 1940</subfield>
    </datafield>
    <datafield tag="933" ind1=" " ind2=" ">
      <subfield code="a">CC0</subfield>
    </datafield>
  </record>
  <record type="Holdings">
    <leader>00000ny  a22000003n 4500</leader>
    <controlfield tag="001">017636043</controlfield>
    <controlfield tag="003">DE-101</controlfield>
    <controlfield tag="005">20210601210019.0</controlfield>
    <controlfield tag="008">161229||||||||||||||||ger|||||||</controlfield>
    <datafield tag="035" ind1=" " ind2=" ">
      <subfield code="a">(DE-602)22576493550002882</subfield>
    </datafield>
    <datafield tag="092" ind1=" " ind2=" ">
      <subfield code="a">130000-3</subfield>
      <subfield code="d">11</subfield>
      <subfield code="k">BER</subfield>
      <subfield code="l">c</subfield>
      <subfield code="o">e</subfield>
    </datafield>
    <datafield tag="852" ind1=" " ind2=" ">
      <subfield code="8">1</subfield>
    </datafield>
    <datafield tag="852" ind1=" " ind2="1">
      <subfield code="c">PA 216</subfield>
      <subfield code="9">00</subfield>
    </datafield>
    <datafield tag="852" ind1=" " ind2="2">
      <subfield code="b">1. OG / Bereich C - Freihandbestand</subfield>
      <subfield code="9">09</subfield>
    </datafield>
    <datafield tag="852" ind1=" " ind2=" ">
      <subfield code="a">DE-11</subfield>
    </datafield>
    <datafield tag="859" ind1="0" ind2="0">
      <subfield code="8">1.1\x</subfield>
      <subfield code="a">4</subfield>
      <subfield code="i">1945/46</subfield>
    </datafield>
    <datafield tag="859" ind1="1" ind2="0">
      <subfield code="8">1.2\x</subfield>
      <subfield code="a">10</subfield>
      <subfield code="i">1965/70</subfield>
    </datafield>
    <datafield tag="866" ind1="3" ind2="0">
      <subfield code="a">4.1945/46(1950) - 10.1965/70(1971)</subfield>
    </datafield>
    <datafield tag="933" ind1=" " ind2=" ">
      <subfield code="a">CC0</subfield>
    </datafield>
  </record>
  <record type="Holdings">
    <leader>00000ny  a22000003n 4500</leader>
    <controlfield tag="001">164180974</controlfield>
    <controlfield tag="003">DE-101</controlfield>
    <controlfield tag="005">20210112180023.0</controlfield>
    <controlfield tag="008">161229||||||||||||||||ger|||||||</controlfield>
    <datafield tag="035" ind1=" " ind2=" ">
      <subfield code="a">(DE-602)22576493620002882</subfield>
    </datafield>
    <datafield tag="092" ind1=" " ind2=" ">
      <subfield code="a">130000-3</subfield>
      <subfield code="d">11</subfield>
      <subfield code="k">BER</subfield>
      <subfield code="l">c</subfield>
      <subfield code="o">e</subfield>
    </datafield>
    <datafield tag="852" ind1=" " ind2=" ">
      <subfield code="8">1</subfield>
    </datafield>
    <datafield tag="852" ind1=" " ind2="1">
      <subfield code="c">NA 7866</subfield>
      <subfield code="9">00</subfield>
    </datafield>
    <datafield tag="852" ind1=" " ind2="2">
      <subfield code="b">2. OG / Bereich B - Freihandbestand</subfield>
      <subfield code="9">09</subfield>
    </datafield>
    <datafield tag="852" ind1=" " ind2=" ">
      <subfield code="a">DE-11</subfield>
    </datafield>
    <datafield tag="859" ind1="0" ind2="0">
      <subfield code="8">1.1\x</subfield>
      <subfield code="a">1</subfield>
      <subfield code="i">1978</subfield>
    </datafield>
    <datafield tag="859" ind1="1" ind2="0">
      <subfield code="8">1.2\x</subfield>
      <subfield code="a">10</subfield>
      <subfield code="i">1997</subfield>
    </datafield>
    <datafield tag="866" ind1="3" ind2="0">
      <subfield code="9">N.F.</subfield>
    </datafield>
    <datafield tag="866" ind1="3" ind2="0">
      <subfield code="a">1.1978 - 10.1997</subfield>
    </datafield>
    <datafield tag="866" ind1=" " ind2="0">
      <subfield code="x">Früher u.d. Sigel: 11/96</subfield>
    </datafield>
    <datafield tag="933" ind1=" " ind2=" ">
      <subfield code="a">CC0</subfield>
    </datafield>
  </record>
  <record type="Holdings">
    <leader>00000ny  a22000003n 4500</leader>
    <controlfield tag="001">065472055</controlfield>
    <controlfield tag="003">DE-101</controlfield>
    <controlfield tag="005">20240222170624.0</controlfield>
    <controlfield tag="008">950325||||||||||||||||ger|||||||</controlfield>
    <datafield tag="035" ind1=" " ind2=" ">
      <subfield code="a">(DE-604)221482357830007356</subfield>
    </datafield>
    <datafield tag="092" ind1=" " ind2=" ">
      <subfield code="a">800100-5</subfield>
      <subfield code="d">12</subfield>
      <subfield code="k">BAY</subfield>
      <subfield code="l">a</subfield>
      <subfield code="o">c</subfield>
    </datafield>
    <datafield tag="852" ind1=" " ind2=" ">
      <subfield code="8">         A</subfield>
    </datafield>
    <datafield tag="852" ind1=" " ind2="1">
      <subfield code="c">Z 37.610</subfield>
      <subfield code="9">00</subfield>
    </datafield>
    <datafield tag="852" ind1=" " ind2=" ">
      <subfield code="a">DE-12</subfield>
    </datafield>
    <datafield tag="859" ind1="0" ind2="0">
      <subfield code="8">1.1\x</subfield>
      <subfield code="i">1936</subfield>
    </datafield>
    <datafield tag="859" ind1="1" ind2="0">
      <subfield code="8">1.2\x</subfield>
      <subfield code="i">1939/40</subfield>
    </datafield>
    <datafield tag="859" ind1="0" ind2="0">
      <subfield code="8">2.1\x</subfield>
      <subfield code="i">1945/46</subfield>
    </datafield>
    <datafield tag="859" ind1="1" ind2="0">
      <subfield code="8">2.2\x</subfield>
      <subfield code="i">1965/70</subfield>
    </datafield>
    <datafield tag="866" ind1="3" ind2="0">
      <subfield code="a">1936 - 1939/40. 1945/46 - 1965/70</subfield>
    </datafield>
    <datafield tag="933" ind1=" " ind2=" ">
      <subfield code="a">CC0</subfield>
    </datafield>
  </record>
  <record type="Holdings">
    <leader>00000ny  a22000003n 4500</leader>
    <controlfield tag="001">065472063</controlfield>
    <controlfield tag="003">DE-101</controlfield>
    <controlfield tag="005">20240222170625.0</controlfield>
    <controlfield tag="008">950325||||||||||||||||ger|||||||</controlfield>
    <datafield tag="035" ind1=" " ind2=" ">
      <subfield code="a">(DE-604)221482357850007356</subfield>
    </datafield>
    <datafield tag="092" ind1=" " ind2=" ">
      <subfield code="a">800100-5</subfield>
      <subfield code="d">12</subfield>
      <subfield code="k">BAY</subfield>
      <subfield code="l">a</subfield>
      <subfield code="o">c</subfield>
    </datafield>
    <datafield tag="852" ind1=" " ind2=" ">
      <subfield code="8">         B</subfield>
    </datafield>
    <datafield tag="852" ind1=" " ind2="1">
      <subfield code="c">W 78.1188</subfield>
      <subfield code="9">00</subfield>
    </datafield>
    <datafield tag="852" ind1=" " ind2=" ">
      <subfield code="a">DE-12</subfield>
    </datafield>
    <datafield tag="859" ind1="0" ind2="0">
      <subfield code="8">1.1\x</subfield>
      <subfield code="a">1</subfield>
      <subfield code="i">1978</subfield>
    </datafield>
    <datafield tag="859" ind1="1" ind2="0">
      <subfield code="8">1.2\x</subfield>
      <subfield code="a">13</subfield>
      <subfield code="i">2012</subfield>
    </datafield>
    <datafield tag="866" ind1="3" ind2="0">
      <subfield code="a">N.F. 1.1978 - 13.2012</subfield>
    </datafield>
    <datafield tag="933" ind1=" " ind2=" ">
      <subfield code="a">CC0</subfield>
    </datafield>
  </record>
  <record type="Holdings">
    <leader>00000ny  a22000003n 4500</leader>
    <controlfield tag="001">810414015</controlfield>
    <controlfield tag="003">DE-101</controlfield>
    <controlfield tag="005">20220910170442.0</controlfield>
    <controlfield tag="008">960603||||||||||||||||ger|||||||</controlfield>
    <datafield tag="035" ind1=" " ind2=" ">
      <subfield code="a">(DE-601)003890430</subfield>
    </datafield>
    <datafield tag="035" ind1=" " ind2=" ">
      <subfield code="a">(DE-18)12954342X</subfield>
    </datafield>
    <datafield tag="092" ind1=" " ind2=" ">
      <subfield code="a">201000-8</subfield>
      <subfield code="d">18</subfield>
      <subfield code="k">HAM</subfield>
      <subfield code="l">a</subfield>
      <subfield code="o">b</subfield>
    </datafield>
    <datafield tag="852" ind1=" " ind2=" ">
      <subfield code="8">1</subfield>
    </datafield>
    <datafield tag="852" ind1=" " ind2="1">
      <subfield code="c">X/14340</subfield>
      <subfield code="m">s</subfield>
      <subfield code="=">k</subfield>
      <subfield code="9">00</subfield>
    </datafield>
    <datafield tag="852" ind1=" " ind2="2">
      <subfield code="b">SUB</subfield>
      <subfield code="9">09</subfield>
    </datafield>
    <datafield tag="852" ind1=" " ind2=" ">
      <subfield code="a">DE-18</subfield>
    </datafield>
    <datafield tag="859" ind1="0" ind2="0">
      <subfield code="8">1.1\x</subfield>
      <subfield code="a">2</subfield>
      <subfield code="i">1937/38</subfield>
    </datafield>
    <datafield tag="859" ind1="1" ind2="0">
      <subfield code="8">1.2\x</subfield>
      <subfield code="a">10</subfield>
      <subfield code="i">1965/70</subfield>
    </datafield>
    <datafield tag="866" ind1="3" ind2="0">
      <subfield code="a">2.1937/38(1938) - 10.1965/70(1971)</subfield>
    </datafield>
    <datafield tag="933" ind1=" " ind2=" ">
      <subfield code="a">CC0</subfield>
    </datafield>
  </record>
  <record type="Holdings">
    <leader>00000ny  a22000003n 4500</leader>
    <controlfield tag="001">065472071</controlfield>
    <controlfield tag="003">DE-101</controlfield>
    <controlfield tag="005">20041015050237.0</controlfield>
    <controlfield tag="008">990111||||||||||||||||ger|||||||</controlfield>
    <datafield tag="035" ind1=" " ind2=" ">
      <subfield code="a">(DE-604)8043000196436</subfield>
    </datafield>
    <datafield tag="092" ind1=" " ind2=" ">
      <subfield code="a">808352-6</subfield>
      <subfield code="d">M 352</subfield>
      <subfield code="k">BAY</subfield>
      <subfield code="l">a</subfield>
      <subfield code="o">c</subfield>
    </datafield>
    <datafield tag="852" ind1=" " ind2=" ">
      <subfield code="8">         A</subfield>
    </datafield>
    <datafield tag="852" ind1=" " ind2="1">
      <subfield code="c">G 5041</subfield>
      <subfield code="=">l</subfield>
      <subfield code="9">00</subfield>
    </datafield>
    <datafield tag="852" ind1=" " ind2=" ">
      <subfield code="a">DE-M352</subfield>
    </datafield>
    <datafield tag="859" ind1="0" ind2="0">
      <subfield code="8">1.1\x</subfield>
      <subfield code="i">1945/46</subfield>
    </datafield>
    <datafield tag="866" ind1="3" ind2="0">
      <subfield code="a">1945/46(1950)</subfield>
    </datafield>
    <datafield tag="933" ind1=" " ind2=" ">
      <subfield code="a">CC0</subfield>
    </datafield>
  </record>
  <record type="Holdings">
    <leader>00000ny  a22000003n 4500</leader>
    <controlfield tag="001">065472101</controlfield>
    <controlfield tag="003">DE-101</controlfield>
    <controlfield tag="005">20171211151954.0</controlfield>
    <controlfield tag="008">960729||||||||||||||||ger|||||||</controlfield>
    <datafield tag="035" ind1=" " ind2=" ">
      <subfield code="a">(DE-604)8079016101855</subfield>
    </datafield>
    <datafield tag="092" ind1=" " ind2=" ">
      <subfield code="a">871000-4</subfield>
      <subfield code="d">20</subfield>
      <subfield code="k">BAY</subfield>
      <subfield code="l">a</subfield>
      <subfield code="o">c</subfield>
    </datafield>
    <datafield tag="852" ind1=" " ind2=" ">
      <subfield code="8">221      A</subfield>
    </datafield>
    <datafield tag="852" ind1=" " ind2="0">
      <subfield code="=">l</subfield>
      <subfield code="9">00</subfield>
    </datafield>
    <datafield tag="852" ind1=" " ind2="2">
      <subfield code="b">21</subfield>
      <subfield code="c">21/NA 77080</subfield>
      <subfield code="9">09</subfield>
    </datafield>
    <datafield tag="852" ind1=" " ind2=" ">
      <subfield code="a">DE-20</subfield>
    </datafield>
    <datafield tag="859" ind1="0" ind2="0">
      <subfield code="8">1.1\x</subfield>
      <subfield code="a">1</subfield>
      <subfield code="i">1936</subfield>
    </datafield>
    <datafield tag="859" ind1="1" ind2="0">
      <subfield code="8">1.2\x</subfield>
      <subfield code="a">10</subfield>
      <subfield code="i">1965/70</subfield>
    </datafield>
    <datafield tag="866" ind1="3" ind2="0">
      <subfield code="a">1.1936-10.1965/70(1971)</subfield>
    </datafield>
    <datafield tag="933" ind1=" " ind2=" ">
      <subfield code="a">CC0</subfield>
    </datafield>
  </record>
  <record type="Holdings">
    <leader>00000ny  a22000003n 4500</leader>
    <controlfield tag="001">06547211X</controlfield>
    <controlfield tag="003">DE-101</controlfield>
    <controlfield tag="005">20171211151954.0</controlfield>
    <controlfield tag="008">960729||||||||||||||||ger|||||||</controlfield>
    <datafield tag="035" ind1=" " ind2=" ">
      <subfield code="a">(DE-604)8079016101898</subfield>
    </datafield>
    <datafield tag="092" ind1=" " ind2=" ">
      <subfield code="a">871000-4</subfield>
      <subfield code="d">20</subfield>
      <subfield code="k">BAY</subfield>
      <subfield code="l">a</subfield>
      <subfield code="o">c</subfield>
    </datafield>
    <datafield tag="852" ind1=" " ind2=" ">
      <subfield code="8">221      B</subfield>
    </datafield>
    <datafield tag="852" ind1=" " ind2="0">
      <subfield code="=">l</subfield>
      <subfield code="9">00</subfield>
    </datafield>
    <datafield tag="852" ind1=" " ind2="2">
      <subfield code="b">21</subfield>
      <subfield code="c">21/NA 77082</subfield>
      <subfield code="9">09</subfield>
    </datafield>
    <datafield tag="852" ind1=" " ind2=" ">
      <subfield code="a">DE-20</subfield>
    </datafield>
    <datafield tag="859" ind1="0" ind2="0">
      <subfield code="8">1.1\x</subfield>
      <subfield code="a">1</subfield>
      <subfield code="i">1978</subfield>
    </datafield>
    <datafield tag="859" ind1="1" ind2="0">
      <subfield code="8">1.2\x</subfield>
      <subfield code="a">10</subfield>
      <subfield code="i">1997</subfield>
    </datafield>
    <datafield tag="866" ind1="3" ind2="0">
      <subfield code="9">N.F.</subfield>
    </datafield>
    <datafield tag="866" ind1="3" ind2="0">
      <subfield code="a">1.1978-10.1997</subfield>
    </datafield>
    <datafield tag="933" ind1=" " ind2=" ">
      <subfield code="a">CC0</subfield>
    </datafield>
  </record>
  <record type="Holdings">
    <leader>00000ny  a22000003n 4500</leader>
    <controlfield tag="001">428522734</controlfield>
    <controlfield tag="003">DE-101</controlfield>
    <controlfield tag="005">20171218082809.0</controlfield>
    <controlfield tag="008">171211||||||||||||||||ger|||||||</controlfield>
    <datafield tag="092" ind1=" " ind2=" ">
      <subfield code="a">871000-4</subfield>
      <subfield code="d">20</subfield>
      <subfield code="k">BAY</subfield>
      <subfield code="l">a</subfield>
      <subfield code="o">d</subfield>
    </datafield>
    <datafield tag="852" ind1=" " ind2=" ">
      <subfield code="8">3329 C</subfield>
    </datafield>
    <datafield tag="852" ind1=" " ind2="0">
      <subfield code="=">n</subfield>
      <subfield code="9">00</subfield>
    </datafield>
    <datafield tag="852" ind1=" " ind2="2">
      <subfield code="b">329</subfield>
      <subfield code="c">329/Pt 398</subfield>
      <subfield code="9">09</subfield>
    </datafield>
    <datafield tag="852" ind1=" " ind2=" ">
      <subfield code="a">DE-20</subfield>
    </datafield>
    <datafield tag="859" ind1="0" ind2="0">
      <subfield code="8">1.1\x</subfield>
      <subfield code="a">6</subfield>
      <subfield code="i">1953/55</subfield>
    </datafield>
    <datafield tag="866" ind1="3" ind2="0">
      <subfield code="a">6.1953/55(1956)</subfield>
    </datafield>
    <datafield tag="933" ind1=" " ind2=" ">
      <subfield code="a">CC0</subfield>
    </datafield>
  </record>
  <record type="Holdings">
    <leader>00000ny  a22000003n 4500</leader>
    <controlfield tag="001">017636124</controlfield>
    <controlfield tag="003">DE-101</controlfield>
    <controlfield tag="005">20030728213922.0</controlfield>
    <controlfield tag="008">991205||||||||||||||||ger|||||||</controlfield>
    <datafield tag="035" ind1=" " ind2=" ">
      <subfield code="a">(DE-600)760788-x</subfield>
    </datafield>
    <datafield tag="092" ind1=" " ind2=" ">
      <subfield code="a">741000-1</subfield>
      <subfield code="d">21</subfield>
      <subfield code="k">BAW</subfield>
      <subfield code="l">a</subfield>
      <subfield code="o">c</subfield>
    </datafield>
    <datafield tag="852" ind1=" " ind2=" ">
      <subfield code="8">1</subfield>
    </datafield>
    <datafield tag="852" ind1=" " ind2="1">
      <subfield code="c">Fo XII d 1050</subfield>
      <subfield code="9">00</subfield>
    </datafield>
    <datafield tag="852" ind1=" " ind2=" ">
      <subfield code="a">DE-21</subfield>
    </datafield>
    <datafield tag="859" ind1="0" ind2="0">
      <subfield code="8">1.1\x</subfield>
      <subfield code="i">1939/40</subfield>
    </datafield>
    <datafield tag="859" ind1="1" ind2="0">
      <subfield code="8">1.2\x</subfield>
      <subfield code="i">1965/70</subfield>
    </datafield>
    <datafield tag="866" ind1="3" ind2="0">
      <subfield code="a">1939/40 - 1965/70(1971)</subfield>
    </datafield>
    <datafield tag="933" ind1=" " ind2=" ">
      <subfield code="a">CC0</subfield>
    </datafield>
  </record>
  <record type="Holdings">
    <leader>00000ny  a22000003n 4500</leader>
    <controlfield tag="001">763579009</controlfield>
    <controlfield tag="003">DE-101</controlfield>
    <controlfield tag="005">20220221171032.0</controlfield>
    <controlfield tag="008">981021||||||||||||||||ger|||||||</controlfield>
    <datafield tag="035" ind1=" " ind2=" ">
      <subfield code="a">(DE-603)125215274</subfield>
    </datafield>
    <datafield tag="092" ind1=" " ind2=" ">
      <subfield code="a">631000-X</subfield>
      <subfield code="d">26</subfield>
      <subfield code="k">HES</subfield>
      <subfield code="l">a</subfield>
      <subfield code="o">c</subfield>
    </datafield>
    <datafield tag="852" ind1=" " ind2=" ">
      <subfield code="8">2</subfield>
    </datafield>
    <datafield tag="852" ind1=" " ind2="1">
      <subfield code="c">ZZ 64/312/5</subfield>
      <subfield code="=">l</subfield>
      <subfield code="9">00</subfield>
    </datafield>
    <datafield tag="852" ind1=" " ind2=" ">
      <subfield code="a">DE-26</subfield>
    </datafield>
    <datafield tag="859" ind1="0" ind2="0">
      <subfield code="8">1.1\x</subfield>
      <subfield code="a">1</subfield>
      <subfield code="i">1978</subfield>
    </datafield>
    <datafield tag="859" ind1="1" ind2="0">
      <subfield code="8">1.2\x</subfield>
      <subfield code="a">10</subfield>
      <subfield code="i">1997</subfield>
    </datafield>
    <datafield tag="866" ind1="3" ind2="0">
      <subfield code="9">N.F.</subfield>
    </datafield>
    <datafield tag="866" ind1="3" ind2="0">
      <subfield code="a">1.1978 - 10.1997</subfield>
    </datafield>
    <datafield tag="933" ind1=" " ind2=" ">
      <subfield code="a">CC0</subfield>
    </datafield>
  </record>
  <record type="Holdings">
    <leader>00000ny  a22000003n 4500</leader>
    <controlfield tag="001">763579017</controlfield>
    <controlfield tag="003">DE-101</controlfield>
    <controlfield tag="005">20220221171032.0</controlfield>
    <controlfield tag="008">981021||||||||||||||||ger|||||||</controlfield>
    <datafield tag="035" ind1=" " ind2=" ">
      <subfield code="a">(DE-603)000405000</subfield>
    </datafield>
    <datafield tag="092" ind1=" " ind2=" ">
      <subfield code="a">631000-X</subfield>
      <subfield code="d">26</subfield>
      <subfield code="k">HES</subfield>
      <subfield code="l">a</subfield>
      <subfield code="o">c</subfield>
    </datafield>
    <datafield tag="852" ind1=" " ind2=" ">
      <subfield code="8">1</subfield>
    </datafield>
    <datafield tag="852" ind1=" " ind2="1">
      <subfield code="c">ZZ 64/312</subfield>
      <subfield code="=">l</subfield>
      <subfield code="9">00</subfield>
    </datafield>
    <datafield tag="852" ind1=" " ind2=" ">
      <subfield code="a">DE-26</subfield>
    </datafield>
    <datafield tag="859" ind1="0" ind2="0">
      <subfield code="8">1.1\x</subfield>
      <subfield code="a">2</subfield>
      <subfield code="i">1937</subfield>
    </datafield>
    <datafield tag="859" ind1="1" ind2="0">
      <subfield code="8">1.2\x</subfield>
      <subfield code="a">10</subfield>
      <subfield code="i">1970</subfield>
    </datafield>
    <datafield tag="866" ind1="3" ind2="0">
      <subfield code="a">2.1937/38 - 10.1965/70(1971)</subfield>
    </datafield>
    <datafield tag="933" ind1=" " ind2=" ">
      <subfield code="a">CC0</subfield>
    </datafield>
  </record>
  <record type="Holdings">
    <leader>00000ny  a22000003n 4500</leader>
    <controlfield tag="001">057076626</controlfield>
    <controlfield tag="003">DE-101</controlfield>
    <controlfield tag="005">20221031170123.0</controlfield>
    <controlfield tag="008">981007||||||||||||||||ger|||||||</controlfield>
    <datafield tag="035" ind1=" " ind2=" ">
      <subfield code="a">(DE-603)121869431</subfield>
    </datafield>
    <datafield tag="092" ind1=" " ind2=" ">
      <subfield code="a">631000-X</subfield>
      <subfield code="d">26</subfield>
      <subfield code="k">HES</subfield>
      <subfield code="l">a</subfield>
      <subfield code="o">c</subfield>
    </datafield>
    <datafield tag="852" ind1=" " ind2=" ">
      <subfield code="8">3</subfield>
    </datafield>
    <datafield tag="852" ind1=" " ind2="1">
      <subfield code="c">GDM 55 g / St 81 II c</subfield>
      <subfield code="=">l</subfield>
      <subfield code="9">00</subfield>
    </datafield>
    <datafield tag="852" ind1=" " ind2=" ">
      <subfield code="a">DE-26</subfield>
    </datafield>
    <datafield tag="859" ind1="0" ind2="0">
      <subfield code="8">1.1\x</subfield>
      <subfield code="i">1953</subfield>
    </datafield>
    <datafield tag="866" ind1="3" ind2="0">
      <subfield code="a">1953/55(1956)</subfield>
    </datafield>
    <datafield tag="933" ind1=" " ind2=" ">
      <subfield code="a">CC0</subfield>
    </datafield>
  </record>
  <record type="Holdings">
    <leader>00000ny  a22000003n 4500</leader>
    <controlfield tag="001">057076553</controlfield>
    <controlfield tag="003">DE-101</controlfield>
    <controlfield tag="005">20040521120703.0</controlfield>
    <controlfield tag="008">021223||||||||||||||||ger|||||||</controlfield>
    <datafield tag="035" ind1=" " ind2=" ">
      <subfield code="a">(DE-603)020776594</subfield>
    </datafield>
    <datafield tag="092" ind1=" " ind2=" ">
      <subfield code="a">601000-3</subfield>
      <subfield code="d">30</subfield>
      <subfield code="k">HES</subfield>
      <subfield code="l">a</subfield>
      <subfield code="o">c</subfield>
    </datafield>
    <datafield tag="852" ind1=" " ind2=" ">
      <subfield code="8">1</subfield>
    </datafield>
    <datafield tag="852" ind1=" " ind2="1">
      <subfield code="c">Zs 15178</subfield>
      <subfield code="9">00</subfield>
    </datafield>
    <datafield tag="852" ind1=" " ind2=" ">
      <subfield code="a">DE-30</subfield>
    </datafield>
    <datafield tag="859" ind1="0" ind2="0">
      <subfield code="8">1.1\x</subfield>
      <subfield code="a">1</subfield>
      <subfield code="i">1978</subfield>
    </datafield>
    <datafield tag="859" ind1="1" ind2="0">
      <subfield code="8">1.2\x</subfield>
      <subfield code="a">9</subfield>
      <subfield code="i">1993</subfield>
    </datafield>
    <datafield tag="866" ind1="3" ind2="0">
      <subfield code="a">N.F.1.1978 - 9.1993</subfield>
    </datafield>
    <datafield tag="933" ind1=" " ind2=" ">
      <subfield code="a">CC0</subfield>
    </datafield>
  </record>
  <record type="Holdings">
    <leader>00000ny  a22000003n 4500</leader>
    <controlfield tag="001">810414082</controlfield>
    <controlfield tag="003">DE-101</controlfield>
    <controlfield tag="005">20220910170443.0</controlfield>
    <controlfield tag="008">941002||||||||||||||||ger|||||||</controlfield>
    <datafield tag="035" ind1=" " ind2=" ">
      <subfield code="a">(DE-601)138224102</subfield>
    </datafield>
    <datafield tag="035" ind1=" " ind2=" ">
      <subfield code="a">(DE-35)12954342X</subfield>
    </datafield>
    <datafield tag="092" ind1=" " ind2=" ">
      <subfield code="a">300100-3</subfield>
      <subfield code="d">35</subfield>
      <subfield code="k">NIE</subfield>
      <subfield code="l">a</subfield>
      <subfield code="o">c</subfield>
    </datafield>
    <datafield tag="852" ind1=" " ind2=" ">
      <subfield code="8">1</subfield>
    </datafield>
    <datafield tag="852" ind1=" " ind2="1">
      <subfield code="c">Zs 3358</subfield>
      <subfield code="m">u</subfield>
      <subfield code="=">l</subfield>
      <subfield code="9">00</subfield>
    </datafield>
    <datafield tag="852" ind1=" " ind2="2">
      <subfield code="b">ZEN</subfield>
      <subfield code="9">09</subfield>
    </datafield>
    <datafield tag="852" ind1=" " ind2=" ">
      <subfield code="a">DE-35</subfield>
    </datafield>
    <datafield tag="859" ind1="0" ind2="0">
      <subfield code="8">1.1\x</subfield>
      <subfield code="a">1</subfield>
      <subfield code="i">1936</subfield>
    </datafield>
    <datafield tag="859" ind1="1" ind2="0">
      <subfield code="8">1.2\x</subfield>
      <subfield code="a">10</subfield>
      <subfield code="i">1965/70</subfield>
    </datafield>
    <datafield tag="866" ind1="3" ind2="0">
      <subfield code="a">1.1936 - 10.1965/70(1971)</subfield>
    </datafield>
    <datafield tag="933" ind1=" " ind2=" ">
      <subfield code="a">CC0</subfield>
    </datafield>
  </record>
  <record type="Holdings">
    <leader>00000ny  a22000003n 4500</leader>
    <controlfield tag="001">810414090</controlfield>
    <controlfield tag="003">DE-101</controlfield>
    <controlfield tag="005">20220910170443.0</controlfield>
    <controlfield tag="008">941002||||||||||||||||ger|||||||</controlfield>
    <datafield tag="035" ind1=" " ind2=" ">
      <subfield code="a">(DE-601)138110670</subfield>
    </datafield>
    <datafield tag="035" ind1=" " ind2=" ">
      <subfield code="a">(DE-35)12954342X</subfield>
    </datafield>
    <datafield tag="092" ind1=" " ind2=" ">
      <subfield code="a">300100-3</subfield>
      <subfield code="d">35</subfield>
      <subfield code="k">NIE</subfield>
      <subfield code="l">a</subfield>
      <subfield code="o">c</subfield>
    </datafield>
    <datafield tag="852" ind1=" " ind2=" ">
      <subfield code="8">2</subfield>
    </datafield>
    <datafield tag="852" ind1=" " ind2="1">
      <subfield code="c">ZA 871</subfield>
      <subfield code="m">u</subfield>
      <subfield code="=">l</subfield>
      <subfield code="9">00</subfield>
    </datafield>
    <datafield tag="852" ind1=" " ind2="2">
      <subfield code="b">ZEN</subfield>
      <subfield code="9">09</subfield>
    </datafield>
    <datafield tag="852" ind1=" " ind2=" ">
      <subfield code="a">DE-35</subfield>
    </datafield>
    <datafield tag="859" ind1="0" ind2="0">
      <subfield code="8">1.1\x</subfield>
      <subfield code="a">1</subfield>
      <subfield code="i">1978</subfield>
    </datafield>
    <datafield tag="859" ind1="1" ind2="0">
      <subfield code="8">1.2\x</subfield>
      <subfield code="a">5</subfield>
      <subfield code="i">1985</subfield>
    </datafield>
    <datafield tag="866" ind1="3" ind2="0">
      <subfield code="a">N.F. 1.1978 - 5.1985</subfield>
    </datafield>
    <datafield tag="866" ind1=" " ind2="0">
      <subfield code="z">1.1978 enthält 4 lose Beilagen und 1 lose Karte</subfield>
    </datafield>
    <datafield tag="933" ind1=" " ind2=" ">
      <subfield code="a">CC0</subfield>
    </datafield>
  </record>
  <record type="Holdings">
    <leader>00000ny  a22000003n 4500</leader>
    <controlfield tag="001">057076561</controlfield>
    <controlfield tag="003">DE-101</controlfield>
    <controlfield tag="005">20040521120703.0</controlfield>
    <controlfield tag="008">021223||||||||||||||||ger|||||||</controlfield>
    <datafield tag="035" ind1=" " ind2=" ">
      <subfield code="a">(DE-603)080195504</subfield>
    </datafield>
    <datafield tag="092" ind1=" " ind2=" ">
      <subfield code="a">655000-9</subfield>
      <subfield code="d">36</subfield>
      <subfield code="k">HES</subfield>
      <subfield code="l">a</subfield>
      <subfield code="o">c</subfield>
    </datafield>
    <datafield tag="852" ind1=" " ind2=" ">
      <subfield code="8">1</subfield>
    </datafield>
    <datafield tag="852" ind1=" " ind2="1">
      <subfield code="c">AV 1534</subfield>
      <subfield code="9">00</subfield>
    </datafield>
    <datafield tag="852" ind1=" " ind2=" ">
      <subfield code="a">DE-36</subfield>
    </datafield>
    <datafield tag="859" ind1="0" ind2="0">
      <subfield code="8">1.1\x</subfield>
      <subfield code="a">1</subfield>
      <subfield code="i">1936</subfield>
    </datafield>
    <datafield tag="859" ind1="1" ind2="0">
      <subfield code="8">1.2\x</subfield>
      <subfield code="a">10</subfield>
      <subfield code="i">1970</subfield>
    </datafield>
    <datafield tag="859" ind1="0" ind2="0">
      <subfield code="8">2.1\x</subfield>
      <subfield code="a">1</subfield>
      <subfield code="i">1978</subfield>
    </datafield>
    <datafield tag="859" ind1="1" ind2="0">
      <subfield code="8">2.2\x</subfield>
      <subfield code="a">9</subfield>
      <subfield code="i">1993</subfield>
    </datafield>
    <datafield tag="859" ind1="0" ind2="0">
      <subfield code="8">3.1\x</subfield>
      <subfield code="a">10</subfield>
      <subfield code="i">1997</subfield>
    </datafield>
    <datafield tag="866" ind1="3" ind2="0">
      <subfield code="a">1.1936 - 10.1965/70(1971); N.F.1.1978 - 9.1993; 10.1997</subfield>
    </datafield>
    <datafield tag="933" ind1=" " ind2=" ">
      <subfield code="a">CC0</subfield>
    </datafield>
  </record>
  <record type="Holdings">
    <leader>00000ny  a22000003n 4500</leader>
    <controlfield tag="001">017636221</controlfield>
    <controlfield tag="003">DE-101</controlfield>
    <controlfield tag="005">20231018183406.0</controlfield>
    <controlfield tag="008">991205||||||||||||||||ger|||||||</controlfield>
    <datafield tag="035" ind1=" " ind2=" ">
      <subfield code="a">(DE-600)760774-x</subfield>
    </datafield>
    <datafield tag="035" ind1=" " ind2=" ">
      <subfield code="a">(DE-605)22255170220006476</subfield>
    </datafield>
    <datafield tag="092" ind1=" " ind2=" ">
      <subfield code="a">501000-7</subfield>
      <subfield code="d">38</subfield>
      <subfield code="k">NRW</subfield>
      <subfield code="l">a</subfield>
      <subfield code="o">c</subfield>
      <subfield code="y">2828</subfield>
    </datafield>
    <datafield tag="852" ind1=" " ind2=" ">
      <subfield code="8">1</subfield>
    </datafield>
    <datafield tag="852" ind1=" " ind2="1">
      <subfield code="c">RHPER617</subfield>
      <subfield code="9">00</subfield>
    </datafield>
    <datafield tag="852" ind1=" " ind2=" ">
      <subfield code="a">DE-38</subfield>
    </datafield>
    <datafield tag="859" ind1="0" ind2="0">
      <subfield code="8">1.1\x</subfield>
      <subfield code="a">1</subfield>
      <subfield code="i">1936</subfield>
    </datafield>
    <datafield tag="859" ind1="1" ind2="0">
      <subfield code="8">1.2\x</subfield>
      <subfield code="a">10</subfield>
      <subfield code="i">1965/70</subfield>
    </datafield>
    <datafield tag="859" ind1="0" ind2="0">
      <subfield code="8">2.1\x</subfield>
      <subfield code="a">1</subfield>
      <subfield code="i">1978</subfield>
    </datafield>
    <datafield tag="859" ind1="1" ind2="0">
      <subfield code="8">2.2\x</subfield>
      <subfield code="a">13</subfield>
      <subfield code="i">2012</subfield>
    </datafield>
    <datafield tag="866" ind1="3" ind2="0">
      <subfield code="a">1.1936 - 10.1965/70(1971); N.F. 1.1978 - 13.2012</subfield>
    </datafield>
    <datafield tag="933" ind1=" " ind2=" ">
      <subfield code="a">CC0</subfield>
    </datafield>
  </record>
  <record type="Holdings">
    <leader>00000ny  a22000003n 4500</leader>
    <controlfield tag="001">484431242</controlfield>
    <controlfield tag="003">DE-101</controlfield>
    <controlfield tag="005">20231018200810.0</controlfield>
    <controlfield tag="008">190130||||||||||||||||ger|||||||</controlfield>
    <datafield tag="035" ind1=" " ind2=" ">
      <subfield code="a">(DE-605)22255170210006476</subfield>
    </datafield>
    <datafield tag="092" ind1=" " ind2=" ">
      <subfield code="a">501445-1</subfield>
      <subfield code="d">38/445</subfield>
      <subfield code="k">NRW</subfield>
      <subfield code="l">b</subfield>
      <subfield code="o">d</subfield>
    </datafield>
    <datafield tag="852" ind1=" " ind2="1">
      <subfield code="c">Ff 196/40</subfield>
      <subfield code="9">00</subfield>
    </datafield>
    <datafield tag="852" ind1=" " ind2=" ">
      <subfield code="a">DE-38-445</subfield>
    </datafield>
    <datafield tag="859" ind1="0" ind2="0">
      <subfield code="8">1.1\x</subfield>
      <subfield code="a">8</subfield>
      <subfield code="i">1960</subfield>
    </datafield>
    <datafield tag="859" ind1="0" ind2="0">
      <subfield code="8">2.1\x</subfield>
      <subfield code="a">9</subfield>
      <subfield code="i">1961/1964</subfield>
    </datafield>
    <datafield tag="859" ind1="0" ind2="0">
      <subfield code="8">3.1\x</subfield>
      <subfield code="a">10</subfield>
      <subfield code="i">1965/1970</subfield>
    </datafield>
    <datafield tag="866" ind1="3" ind2="0">
      <subfield code="a">8.1960 (1962); 9.1961/1964 (1965); 10.1965/1970 (1971)</subfield>
    </datafield>
    <datafield tag="933" ind1=" " ind2=" ">
      <subfield code="a">CC0</subfield>
    </datafield>
  </record>
  <record type="Holdings">
    <leader>00000ny  a22000003n 4500</leader>
    <controlfield tag="001">01763623X</controlfield>
    <controlfield tag="003">DE-101</controlfield>
    <controlfield tag="005">20211209164454.0</controlfield>
    <controlfield tag="008">991205||||||||||||||||ger|||||||</controlfield>
    <datafield tag="035" ind1=" " ind2=" ">
      <subfield code="a">(DE-600)760768-4</subfield>
    </datafield>
    <datafield tag="035" ind1=" " ind2=" ">
      <subfield code="a">(DE-605)22242646520006443</subfield>
    </datafield>
    <datafield tag="092" ind1=" " ind2=" ">
      <subfield code="a">401000-0</subfield>
      <subfield code="d">61</subfield>
      <subfield code="k">NRW</subfield>
      <subfield code="l">a</subfield>
      <subfield code="o">b</subfield>
    </datafield>
    <datafield tag="852" ind1=" " ind2=" ">
      <subfield code="8">1</subfield>
    </datafield>
    <datafield tag="852" ind1=" " ind2="1">
      <subfield code="c">DGV H XI 1</subfield>
      <subfield code="9">00</subfield>
    </datafield>
    <datafield tag="852" ind1=" " ind2="2">
      <subfield code="b">00</subfield>
      <subfield code="9">09</subfield>
    </datafield>
    <datafield tag="852" ind1=" " ind2=" ">
      <subfield code="a">DE-61</subfield>
    </datafield>
    <datafield tag="859" ind1="0" ind2="0">
      <subfield code="8">1.1\x</subfield>
      <subfield code="a">4</subfield>
      <subfield code="i">1945/46</subfield>
    </datafield>
    <datafield tag="859" ind1="1" ind2="0">
      <subfield code="8">1.2\x</subfield>
      <subfield code="a">10</subfield>
      <subfield code="i">1965/70</subfield>
    </datafield>
    <datafield tag="866" ind1="3" ind2="0">
      <subfield code="a">4.1945/46(1950) - 10.1965/70</subfield>
    </datafield>
    <datafield tag="933" ind1=" " ind2=" ">
      <subfield code="a">CC0</subfield>
    </datafield>
  </record>
  <record type="Holdings">
    <leader>00000ny  a22000003n 4500</leader>
    <controlfield tag="001">08273545X</controlfield>
    <controlfield tag="003">DE-101</controlfield>
    <controlfield tag="005">20211209170121.0</controlfield>
    <controlfield tag="008">030702||||||||||||||||ger|||||||</controlfield>
    <datafield tag="035" ind1=" " ind2=" ">
      <subfield code="a">(DE-605)22242646120006443</subfield>
    </datafield>
    <datafield tag="092" ind1=" " ind2=" ">
      <subfield code="a">401000-0</subfield>
      <subfield code="d">61</subfield>
      <subfield code="k">NRW</subfield>
      <subfield code="l">a</subfield>
      <subfield code="o">b</subfield>
    </datafield>
    <datafield tag="852" ind1=" " ind2=" ">
      <subfield code="8">1</subfield>
    </datafield>
    <datafield tag="852" ind1=" " ind2="1">
      <subfield code="c">Sa 130</subfield>
      <subfield code="9">00</subfield>
    </datafield>
    <datafield tag="852" ind1=" " ind2="2">
      <subfield code="b">55</subfield>
      <subfield code="9">09</subfield>
    </datafield>
    <datafield tag="852" ind1=" " ind2=" ">
      <subfield code="a">DE-61</subfield>
    </datafield>
    <datafield tag="859" ind1="0" ind2="0">
      <subfield code="8">1.1\x</subfield>
      <subfield code="a">6</subfield>
      <subfield code="i">1953/55</subfield>
    </datafield>
    <datafield tag="859" ind1="0" ind2="0">
      <subfield code="8">2.1\x</subfield>
      <subfield code="a">7</subfield>
      <subfield code="i">1956/59</subfield>
    </datafield>
    <datafield tag="859" ind1="0" ind2="0">
      <subfield code="8">3.1\x</subfield>
      <subfield code="a">10</subfield>
      <subfield code="i">1965/70</subfield>
    </datafield>
    <datafield tag="866" ind1="3" ind2="0">
      <subfield code="a">6.1953/55(1956); 7.1956/59(1960); 10.1965/70(1971)</subfield>
    </datafield>
    <datafield tag="933" ind1=" " ind2=" ">
      <subfield code="a">CC0</subfield>
    </datafield>
  </record>
  <record type="Holdings">
    <leader>00000ny  a22000003n 4500</leader>
    <controlfield tag="001">017636248</controlfield>
    <controlfield tag="003">DE-101</controlfield>
    <controlfield tag="005">20240920160044.0</controlfield>
    <controlfield tag="008">991205||||||||||||||||ger|||||||</controlfield>
    <datafield tag="035" ind1=" " ind2=" ">
      <subfield code="a">(DE-605)22242646460006443</subfield>
    </datafield>
    <datafield tag="092" ind1=" " ind2=" ">
      <subfield code="a">401000-0</subfield>
      <subfield code="d">61</subfield>
      <subfield code="k">NRW</subfield>
      <subfield code="l">a</subfield>
      <subfield code="o">b</subfield>
    </datafield>
    <datafield tag="852" ind1=" " ind2=" ">
      <subfield code="8">2</subfield>
    </datafield>
    <datafield tag="852" ind1=" " ind2="1">
      <subfield code="c">his z h 510</subfield>
      <subfield code="9">00</subfield>
    </datafield>
    <datafield tag="852" ind1=" " ind2="2">
      <subfield code="b">LS</subfield>
      <subfield code="9">09</subfield>
    </datafield>
    <datafield tag="852" ind1=" " ind2=" ">
      <subfield code="a">DE-61</subfield>
    </datafield>
    <datafield tag="859" ind1="0" ind2="0">
      <subfield code="8">1.1\x</subfield>
      <subfield code="a">1</subfield>
      <subfield code="i">1936</subfield>
    </datafield>
    <datafield tag="859" ind1="1" ind2="0">
      <subfield code="8">1.2\x</subfield>
      <subfield code="a">13</subfield>
      <subfield code="i">2012</subfield>
    </datafield>
    <datafield tag="866" ind1="3" ind2="0">
      <subfield code="a">1.1936 - 13.2012</subfield>
    </datafield>
    <datafield tag="933" ind1=" " ind2=" ">
      <subfield code="a">CC0</subfield>
    </datafield>
  </record>
  <record type="Holdings">
    <leader>00000ny  a22000003n 4500</leader>
    <controlfield tag="001">05707657X</controlfield>
    <controlfield tag="003">DE-101</controlfield>
    <controlfield tag="005">20240205170614.0</controlfield>
    <controlfield tag="008">120523||||||||||||||||ger|||||||</controlfield>
    <datafield tag="035" ind1=" " ind2=" ">
      <subfield code="a">(DE-603)070310157</subfield>
    </datafield>
    <datafield tag="092" ind1=" " ind2=" ">
      <subfield code="a">651000-0</subfield>
      <subfield code="d">77</subfield>
      <subfield code="k">HES</subfield>
      <subfield code="l">a</subfield>
      <subfield code="o">c</subfield>
    </datafield>
    <datafield tag="852" ind1=" " ind2=" ">
      <subfield code="8">1</subfield>
    </datafield>
    <datafield tag="852" ind1=" " ind2="1">
      <subfield code="c">Z 7127</subfield>
      <subfield code="=">l</subfield>
      <subfield code="9">00</subfield>
    </datafield>
    <datafield tag="852" ind1=" " ind2="2">
      <subfield code="b">MAG</subfield>
      <subfield code="9">09</subfield>
    </datafield>
    <datafield tag="852" ind1=" " ind2=" ">
      <subfield code="a">DE-77</subfield>
    </datafield>
    <datafield tag="859" ind1="0" ind2="0">
      <subfield code="8">1.1\x</subfield>
      <subfield code="i">1937</subfield>
    </datafield>
    <datafield tag="859" ind1="1" ind2="0">
      <subfield code="8">1.2\x</subfield>
      <subfield code="i">1940</subfield>
    </datafield>
    <datafield tag="859" ind1="0" ind2="0">
      <subfield code="8">2.1\x</subfield>
      <subfield code="i">1945</subfield>
    </datafield>
    <datafield tag="859" ind1="1" ind2="0">
      <subfield code="8">2.2\x</subfield>
      <subfield code="i">1970</subfield>
    </datafield>
    <datafield tag="866" ind1="3" ind2="0">
      <subfield code="a">1937/38(1938) - 1939/40(1940); 1945/46(1950) - 1965/70(1971)</subfield>
    </datafield>
    <datafield tag="933" ind1=" " ind2=" ">
      <subfield code="a">CC0</subfield>
    </datafield>
  </record>
  <record type="Holdings">
    <leader>00000ny  a22000003n 4500</leader>
    <controlfield tag="001">057076588</controlfield>
    <controlfield tag="003">DE-101</controlfield>
    <controlfield tag="005">20240205170614.0</controlfield>
    <controlfield tag="008">030113||||||||||||||||ger|||||||</controlfield>
    <datafield tag="035" ind1=" " ind2=" ">
      <subfield code="a">(DE-603)125215282</subfield>
    </datafield>
    <datafield tag="092" ind1=" " ind2=" ">
      <subfield code="a">651000-0</subfield>
      <subfield code="d">77</subfield>
      <subfield code="k">HES</subfield>
      <subfield code="l">a</subfield>
      <subfield code="o">c</subfield>
    </datafield>
    <datafield tag="852" ind1=" " ind2=" ">
      <subfield code="8">2</subfield>
    </datafield>
    <datafield tag="852" ind1=" " ind2="1">
      <subfield code="c">Y 3778</subfield>
      <subfield code="=">l</subfield>
      <subfield code="9">00</subfield>
    </datafield>
    <datafield tag="852" ind1=" " ind2="2">
      <subfield code="b">MAG</subfield>
      <subfield code="9">09</subfield>
    </datafield>
    <datafield tag="852" ind1=" " ind2=" ">
      <subfield code="a">DE-77</subfield>
    </datafield>
    <datafield tag="859" ind1="0" ind2="0">
      <subfield code="8">1.1\x</subfield>
      <subfield code="a">1</subfield>
      <subfield code="i">1978</subfield>
    </datafield>
    <datafield tag="859" ind1="1" ind2="0">
      <subfield code="8">1.2\x</subfield>
      <subfield code="a">10</subfield>
      <subfield code="i">1997</subfield>
    </datafield>
    <datafield tag="866" ind1="3" ind2="0">
      <subfield code="9">N.F.</subfield>
    </datafield>
    <datafield tag="866" ind1="3" ind2="0">
      <subfield code="a">1.1978 - 10.1997</subfield>
    </datafield>
    <datafield tag="933" ind1=" " ind2=" ">
      <subfield code="a">CC0</subfield>
    </datafield>
  </record>
  <record type="Holdings">
    <leader>00000ny  a22000003n 4500</leader>
    <controlfield tag="001">057076596</controlfield>
    <controlfield tag="003">DE-101</controlfield>
    <controlfield tag="005">20140210195340.0</controlfield>
    <controlfield tag="008">140131||||||||||||||||ger|||||||</controlfield>
    <datafield tag="035" ind1=" " ind2=" ">
      <subfield code="a">(DE-603)07139530X</subfield>
    </datafield>
    <datafield tag="092" ind1=" " ind2=" ">
      <subfield code="a">651034-6</subfield>
      <subfield code="d">77/034</subfield>
      <subfield code="k">HES</subfield>
      <subfield code="l">b</subfield>
      <subfield code="o">d</subfield>
    </datafield>
    <datafield tag="852" ind1=" " ind2=" ">
      <subfield code="8">3</subfield>
    </datafield>
    <datafield tag="852" ind1=" " ind2="1">
      <subfield code="c">Allg 7 1956</subfield>
      <subfield code="9">00</subfield>
    </datafield>
    <datafield tag="852" ind1=" " ind2="2">
      <subfield code="b">FB 4-40</subfield>
      <subfield code="9">09</subfield>
    </datafield>
    <datafield tag="852" ind1=" " ind2=" ">
      <subfield code="a">DE-77-034</subfield>
    </datafield>
    <datafield tag="859" ind1="0" ind2="0">
      <subfield code="8">1.1\x</subfield>
      <subfield code="a">6</subfield>
      <subfield code="i">1953</subfield>
    </datafield>
    <datafield tag="866" ind1="3" ind2="0">
      <subfield code="a">6.1953/55(1956)</subfield>
    </datafield>
    <datafield tag="933" ind1=" " ind2=" ">
      <subfield code="a">CC0</subfield>
    </datafield>
  </record>
  <record type="Holdings">
    <leader>00000ny  a22000003n 4500</leader>
    <controlfield tag="001">128384700</controlfield>
    <controlfield tag="003">DE-101</controlfield>
    <controlfield tag="005">20070716171422.0</controlfield>
    <controlfield tag="008">070712||||||||||||||||ger|||||||</controlfield>
    <datafield tag="035" ind1=" " ind2=" ">
      <subfield code="a">(DE-603)506335836</subfield>
    </datafield>
    <datafield tag="092" ind1=" " ind2=" ">
      <subfield code="a">658001-4</subfield>
      <subfield code="d">Mz 1</subfield>
      <subfield code="k">HES</subfield>
      <subfield code="l">b</subfield>
      <subfield code="o">d</subfield>
    </datafield>
    <datafield tag="852" ind1=" " ind2=" ">
      <subfield code="8">1</subfield>
    </datafield>
    <datafield tag="852" ind1=" " ind2="1">
      <subfield code="c">Z 18/14</subfield>
      <subfield code="9">00</subfield>
    </datafield>
    <datafield tag="852" ind1=" " ind2=" ">
      <subfield code="a">DE-Mz1</subfield>
    </datafield>
    <datafield tag="859" ind1="0" ind2="0">
      <subfield code="8">1.1\x</subfield>
      <subfield code="a">7</subfield>
      <subfield code="i">1956</subfield>
    </datafield>
    <datafield tag="866" ind1="3" ind2="0">
      <subfield code="a">7.1956/59</subfield>
    </datafield>
    <datafield tag="933" ind1=" " ind2=" ">
      <subfield code="a">CC0</subfield>
    </datafield>
  </record>
  <record type="Holdings">
    <leader>00000ny  a22000003n 4500</leader>
    <controlfield tag="001">017636280</controlfield>
    <controlfield tag="003">DE-101</controlfield>
    <controlfield tag="005">20220528050323.0</controlfield>
    <controlfield tag="008">991205||||||||||||||||ger|||||||</controlfield>
    <datafield tag="035" ind1=" " ind2=" ">
      <subfield code="a">(DE-602)22522688550002884</subfield>
    </datafield>
    <datafield tag="092" ind1=" " ind2=" ">
      <subfield code="a">111260-0</subfield>
      <subfield code="d">83/1260</subfield>
      <subfield code="k">BER</subfield>
      <subfield code="l">b</subfield>
      <subfield code="o">d</subfield>
      <subfield code="y">2</subfield>
    </datafield>
    <datafield tag="852" ind1=" " ind2=" ">
      <subfield code="8">1</subfield>
    </datafield>
    <datafield tag="852" ind1=" " ind2="1">
      <subfield code="c">8Xw212</subfield>
      <subfield code="=">n</subfield>
      <subfield code="9">00</subfield>
    </datafield>
    <datafield tag="852" ind1=" " ind2="2">
      <subfield code="b">TU Zentrum für Antisemitismusforschung</subfield>
      <subfield code="9">09</subfield>
    </datafield>
    <datafield tag="852" ind1=" " ind2=" ">
      <subfield code="a">DE-83-1260</subfield>
    </datafield>
    <datafield tag="859" ind1="0" ind2="0">
      <subfield code="8">1.1\x</subfield>
      <subfield code="a">2</subfield>
      <subfield code="i">1979</subfield>
    </datafield>
    <datafield tag="866" ind1="3" ind2="0">
      <subfield code="9">N.F.</subfield>
    </datafield>
    <datafield tag="866" ind1="3" ind2="0">
      <subfield code="a">2.1979</subfield>
    </datafield>
    <datafield tag="933" ind1=" " ind2=" ">
      <subfield code="a">CC0</subfield>
    </datafield>
  </record>
  <record type="Holdings">
    <leader>00000ny  a22000003n 4500</leader>
    <controlfield tag="001">017636299</controlfield>
    <controlfield tag="003">DE-101</controlfield>
    <controlfield tag="005">20030728213924.0</controlfield>
    <controlfield tag="008">991205||||||||||||||||ger|||||||</controlfield>
    <datafield tag="035" ind1=" " ind2=" ">
      <subfield code="a">(DE-600)760787-8</subfield>
    </datafield>
    <datafield tag="092" ind1=" " ind2=" ">
      <subfield code="a">670100-0</subfield>
      <subfield code="d">107</subfield>
      <subfield code="k">NRW</subfield>
      <subfield code="l">a</subfield>
      <subfield code="o">c</subfield>
    </datafield>
    <datafield tag="852" ind1=" " ind2=" ">
      <subfield code="8">1</subfield>
    </datafield>
    <datafield tag="852" ind1=" " ind2="1">
      <subfield code="c">Per. 8129</subfield>
      <subfield code="9">00</subfield>
    </datafield>
    <datafield tag="852" ind1=" " ind2=" ">
      <subfield code="a">DE-107</subfield>
    </datafield>
    <datafield tag="859" ind1="0" ind2="0">
      <subfield code="8">1.1\x</subfield>
      <subfield code="a">1</subfield>
      <subfield code="i">1936</subfield>
    </datafield>
    <datafield tag="859" ind1="1" ind2="0">
      <subfield code="8">1.2\x</subfield>
      <subfield code="a">10</subfield>
      <subfield code="i">1965/70</subfield>
    </datafield>
    <datafield tag="859" ind1="0" ind2="0">
      <subfield code="8">2.1\x</subfield>
      <subfield code="a">1</subfield>
      <subfield code="i">1978</subfield>
    </datafield>
    <datafield tag="859" ind1="1" ind2="0">
      <subfield code="8">2.2\x</subfield>
      <subfield code="a">10</subfield>
      <subfield code="i">1997</subfield>
    </datafield>
    <datafield tag="866" ind1="3" ind2="0">
      <subfield code="a">1.1936 - 10.1965/70(1971); N.F. 1.1978 - 10.1997</subfield>
    </datafield>
    <datafield tag="933" ind1=" " ind2=" ">
      <subfield code="a">CC0</subfield>
    </datafield>
  </record>
  <record type="Holdings">
    <leader>00000ny  a22000003n 4500</leader>
    <controlfield tag="001">246610433</controlfield>
    <controlfield tag="003">DE-101</controlfield>
    <controlfield tag="005">20121030233021.0</controlfield>
    <controlfield tag="008">991205||||||||||||||||ger|||||||</controlfield>
    <datafield tag="035" ind1=" " ind2=" ">
      <subfield code="a">(DE-600)760764-7</subfield>
    </datafield>
    <datafield tag="092" ind1=" " ind2=" ">
      <subfield code="a">170100-9</subfield>
      <subfield code="d">109</subfield>
      <subfield code="k">BER</subfield>
      <subfield code="l">a</subfield>
      <subfield code="o">b</subfield>
      <subfield code="y">1</subfield>
    </datafield>
    <datafield tag="852" ind1=" " ind2=" ">
      <subfield code="8">1</subfield>
    </datafield>
    <datafield tag="852" ind1=" " ind2="1">
      <subfield code="c">Zs 2043</subfield>
      <subfield code="9">00</subfield>
    </datafield>
    <datafield tag="852" ind1=" " ind2="2">
      <subfield code="b">BStB</subfield>
      <subfield code="9">09</subfield>
    </datafield>
    <datafield tag="852" ind1=" " ind2=" ">
      <subfield code="a">DE-109</subfield>
    </datafield>
    <datafield tag="859" ind1="0" ind2="0">
      <subfield code="8">1.1\x</subfield>
      <subfield code="a">9</subfield>
      <subfield code="i">1961/64</subfield>
    </datafield>
    <datafield tag="866" ind1="3" ind2="0">
      <subfield code="a">9.1961/64(1965)</subfield>
    </datafield>
    <datafield tag="933" ind1=" " ind2=" ">
      <subfield code="a">CC0</subfield>
    </datafield>
  </record>
  <record type="Holdings">
    <leader>00000ny  a22000003n 4500</leader>
    <controlfield tag="001">017636310</controlfield>
    <controlfield tag="003">DE-101</controlfield>
    <controlfield tag="005">20030728213924.0</controlfield>
    <controlfield tag="008">991205||||||||||||||||ger|||||||</controlfield>
    <datafield tag="035" ind1=" " ind2=" ">
      <subfield code="a">(DE-600)760786-6</subfield>
    </datafield>
    <datafield tag="092" ind1=" " ind2=" ">
      <subfield code="a">661000-6</subfield>
      <subfield code="d">291</subfield>
      <subfield code="k">BAW</subfield>
      <subfield code="l">a</subfield>
      <subfield code="o">c</subfield>
    </datafield>
    <datafield tag="852" ind1=" " ind2=" ">
      <subfield code="8">1</subfield>
    </datafield>
    <datafield tag="852" ind1=" " ind2="1">
      <subfield code="c">Z 2258</subfield>
      <subfield code="9">00</subfield>
    </datafield>
    <datafield tag="852" ind1=" " ind2=" ">
      <subfield code="a">DE-291</subfield>
    </datafield>
    <datafield tag="859" ind1="0" ind2="0">
      <subfield code="8">1.1\x</subfield>
      <subfield code="a">2</subfield>
      <subfield code="i">1937/38</subfield>
    </datafield>
    <datafield tag="859" ind1="1" ind2="0">
      <subfield code="8">1.2\x</subfield>
      <subfield code="a">10</subfield>
      <subfield code="i">1965/70</subfield>
    </datafield>
    <datafield tag="866" ind1="3" ind2="0">
      <subfield code="a">2.1937/38 - 10.1965/70</subfield>
    </datafield>
    <datafield tag="933" ind1=" " ind2=" ">
      <subfield code="a">CC0</subfield>
    </datafield>
  </record>
  <record type="Holdings">
    <leader>00000ny  a22000003n 4500</leader>
    <controlfield tag="001">017636329</controlfield>
    <controlfield tag="003">DE-101</controlfield>
    <controlfield tag="005">20081204165741.0</controlfield>
    <controlfield tag="008">991205||||||||||||||||ger|||||||</controlfield>
    <datafield tag="035" ind1=" " ind2=" ">
      <subfield code="a">(DE-600)760786-6</subfield>
    </datafield>
    <datafield tag="092" ind1=" " ind2=" ">
      <subfield code="a">661000-6</subfield>
      <subfield code="d">291</subfield>
      <subfield code="k">BAW</subfield>
      <subfield code="l">a</subfield>
      <subfield code="o">c</subfield>
    </datafield>
    <datafield tag="852" ind1=" " ind2=" ">
      <subfield code="8">2</subfield>
    </datafield>
    <datafield tag="852" ind1=" " ind2="1">
      <subfield code="c">Z 2258</subfield>
      <subfield code="9">00</subfield>
    </datafield>
    <datafield tag="852" ind1=" " ind2=" ">
      <subfield code="a">DE-291</subfield>
    </datafield>
    <datafield tag="859" ind1="0" ind2="0">
      <subfield code="8">1.1\x</subfield>
      <subfield code="a">1</subfield>
      <subfield code="i">1978</subfield>
    </datafield>
    <datafield tag="859" ind1="1" ind2="0">
      <subfield code="8">1.2\x</subfield>
      <subfield code="a">10</subfield>
      <subfield code="i">1997</subfield>
    </datafield>
    <datafield tag="866" ind1="3" ind2="0">
      <subfield code="9">N.F.</subfield>
    </datafield>
    <datafield tag="866" ind1="3" ind2="0">
      <subfield code="a">1.1978 - 10.1997</subfield>
    </datafield>
    <datafield tag="933" ind1=" " ind2=" ">
      <subfield code="a">CC0</subfield>
    </datafield>
  </record>
  <record type="Holdings">
    <leader>00000ny  a22000003n 4500</leader>
    <controlfield tag="001">017636337</controlfield>
    <controlfield tag="003">DE-101</controlfield>
    <controlfield tag="005">20230927114955.0</controlfield>
    <controlfield tag="008">991205||||||||||||||||ger|||||||</controlfield>
    <datafield tag="035" ind1=" " ind2=" ">
      <subfield code="a">(DE-600)760772-6</subfield>
    </datafield>
    <datafield tag="035" ind1=" " ind2=" ">
      <subfield code="a">(DE-605)22144263630006471</subfield>
    </datafield>
    <datafield tag="092" ind1=" " ind2=" ">
      <subfield code="a">461000-3</subfield>
      <subfield code="d">294</subfield>
      <subfield code="k">NRW</subfield>
      <subfield code="l">a</subfield>
      <subfield code="o">b</subfield>
    </datafield>
    <datafield tag="852" ind1=" " ind2=" ">
      <subfield code="8">1</subfield>
    </datafield>
    <datafield tag="852" ind1=" " ind2="1">
      <subfield code="c">ZGB 1038</subfield>
      <subfield code="9">00</subfield>
    </datafield>
    <datafield tag="852" ind1=" " ind2="2">
      <subfield code="b">Zeitschriften</subfield>
      <subfield code="9">09</subfield>
    </datafield>
    <datafield tag="852" ind1=" " ind2=" ">
      <subfield code="a">DE-294</subfield>
    </datafield>
    <datafield tag="859" ind1="0" ind2="0">
      <subfield code="8">1.1\x</subfield>
      <subfield code="a">2</subfield>
      <subfield code="i">1937/38</subfield>
    </datafield>
    <datafield tag="859" ind1="1" ind2="0">
      <subfield code="8">1.2\x</subfield>
      <subfield code="a">10</subfield>
      <subfield code="i">1965/70</subfield>
    </datafield>
    <datafield tag="866" ind1="3" ind2="0">
      <subfield code="a">2.1937/38 - 10.1965/70(1971)</subfield>
    </datafield>
    <datafield tag="933" ind1=" " ind2=" ">
      <subfield code="a">CC0</subfield>
    </datafield>
  </record>
  <record type="Holdings">
    <leader>00000ny  a22000003n 4500</leader>
    <controlfield tag="001">017636345</controlfield>
    <controlfield tag="003">DE-101</controlfield>
    <controlfield tag="005">20230927114955.0</controlfield>
    <controlfield tag="008">991205||||||||||||||||ger|||||||</controlfield>
    <datafield tag="035" ind1=" " ind2=" ">
      <subfield code="a">(DE-600)760772-6</subfield>
    </datafield>
    <datafield tag="035" ind1=" " ind2=" ">
      <subfield code="a">(DE-605)22144263620006471</subfield>
    </datafield>
    <datafield tag="092" ind1=" " ind2=" ">
      <subfield code="a">461000-3</subfield>
      <subfield code="d">294</subfield>
      <subfield code="k">NRW</subfield>
      <subfield code="l">a</subfield>
      <subfield code="o">b</subfield>
    </datafield>
    <datafield tag="852" ind1=" " ind2=" ">
      <subfield code="8">2</subfield>
    </datafield>
    <datafield tag="852" ind1=" " ind2="1">
      <subfield code="c">ZGB 1038</subfield>
      <subfield code="9">00</subfield>
    </datafield>
    <datafield tag="852" ind1=" " ind2="2">
      <subfield code="b">Zeitschriften</subfield>
      <subfield code="9">09</subfield>
    </datafield>
    <datafield tag="852" ind1=" " ind2=" ">
      <subfield code="a">DE-294</subfield>
    </datafield>
    <datafield tag="859" ind1="0" ind2="0">
      <subfield code="8">1.1\x</subfield>
      <subfield code="a">1</subfield>
      <subfield code="i">1978</subfield>
    </datafield>
    <datafield tag="859" ind1="1" ind2="0">
      <subfield code="8">1.2\x</subfield>
      <subfield code="a">12</subfield>
      <subfield code="i">2005</subfield>
    </datafield>
    <datafield tag="859" ind1="0" ind2="0">
      <subfield code="8">2.1\x</subfield>
      <subfield code="a">13</subfield>
      <subfield code="i">2012</subfield>
    </datafield>
    <datafield tag="866" ind1="3" ind2="0">
      <subfield code="9">N.F.</subfield>
    </datafield>
    <datafield tag="866" ind1="3" ind2="0">
      <subfield code="a">1.1978 - 12.2005; 13.2012</subfield>
    </datafield>
    <datafield tag="933" ind1=" " ind2=" ">
      <subfield code="a">CC0</subfield>
    </datafield>
  </record>
  <record type="Holdings">
    <leader>00000ny  a22000003n 4500</leader>
    <controlfield tag="001">017636353</controlfield>
    <controlfield tag="003">DE-101</controlfield>
    <controlfield tag="005">20230927114955.0</controlfield>
    <controlfield tag="008">991205||||||||||||||||ger|||||||</controlfield>
    <datafield tag="035" ind1=" " ind2=" ">
      <subfield code="a">(DE-600)760773-8</subfield>
    </datafield>
    <datafield tag="035" ind1=" " ind2=" ">
      <subfield code="a">(DE-605)22144263610006471</subfield>
    </datafield>
    <datafield tag="092" ind1=" " ind2=" ">
      <subfield code="a">461011-8</subfield>
      <subfield code="d">294/11</subfield>
      <subfield code="k">NRW</subfield>
      <subfield code="l">b</subfield>
      <subfield code="o">d</subfield>
    </datafield>
    <datafield tag="852" ind1=" " ind2=" ">
      <subfield code="8">1</subfield>
    </datafield>
    <datafield tag="852" ind1=" " ind2="1">
      <subfield code="c">Ew 8.14/2</subfield>
      <subfield code="9">00</subfield>
    </datafield>
    <datafield tag="852" ind1=" " ind2="2">
      <subfield code="b">Zeitschriften</subfield>
      <subfield code="9">09</subfield>
    </datafield>
    <datafield tag="852" ind1=" " ind2=" ">
      <subfield code="a">DE-294-11</subfield>
    </datafield>
    <datafield tag="859" ind1="0" ind2="0">
      <subfield code="8">1.1\x</subfield>
      <subfield code="a">6</subfield>
      <subfield code="i">1953/55</subfield>
    </datafield>
    <datafield tag="859" ind1="0" ind2="0">
      <subfield code="8">2.1\x</subfield>
      <subfield code="a">9</subfield>
      <subfield code="i">1961/64</subfield>
    </datafield>
    <datafield tag="866" ind1="3" ind2="0">
      <subfield code="a">6.1953/55(1956); 9.1961/64(1965)</subfield>
    </datafield>
    <datafield tag="933" ind1=" " ind2=" ">
      <subfield code="a">CC0</subfield>
    </datafield>
  </record>
  <record type="Holdings">
    <leader>00000ny  a22000003n 4500</leader>
    <controlfield tag="001">017636361</controlfield>
    <controlfield tag="003">DE-101</controlfield>
    <controlfield tag="005">20230214201841.0</controlfield>
    <controlfield tag="008">991205||||||||||||||||ger|||||||</controlfield>
    <datafield tag="035" ind1=" " ind2=" ">
      <subfield code="a">(DE-605)2285610790006462</subfield>
    </datafield>
    <datafield tag="092" ind1=" " ind2=" ">
      <subfield code="a">591000-6</subfield>
      <subfield code="d">467</subfield>
      <subfield code="k">NRW</subfield>
      <subfield code="l">a</subfield>
      <subfield code="o">c</subfield>
    </datafield>
    <datafield tag="852" ind1=" " ind2=" ">
      <subfield code="8">1</subfield>
    </datafield>
    <datafield tag="852" ind1=" " ind2="1">
      <subfield code="c">04-40H26</subfield>
      <subfield code="9">00</subfield>
    </datafield>
    <datafield tag="852" ind1=" " ind2="2">
      <subfield code="b">Adolf-Reichwein-Straße, Ebene -1, Zeitschriften</subfield>
      <subfield code="9">09</subfield>
    </datafield>
    <datafield tag="852" ind1=" " ind2=" ">
      <subfield code="a">DE-467</subfield>
    </datafield>
    <datafield tag="859" ind1="0" ind2="0">
      <subfield code="8">1.1\x</subfield>
      <subfield code="a">6</subfield>
      <subfield code="i">1953/55</subfield>
    </datafield>
    <datafield tag="866" ind1="3" ind2="0">
      <subfield code="a">6.1953/55(1956)</subfield>
    </datafield>
    <datafield tag="933" ind1=" " ind2=" ">
      <subfield code="a">CC0</subfield>
    </datafield>
  </record>
  <record type="Holdings">
    <leader>00000ny  a22000003n 4500</leader>
    <controlfield tag="001">017636388</controlfield>
    <controlfield tag="003">DE-101</controlfield>
    <controlfield tag="005">20220812160048.0</controlfield>
    <controlfield tag="008">991205||||||||||||||||ger|||||||</controlfield>
    <datafield tag="035" ind1=" " ind2=" ">
      <subfield code="a">(DE-605)22109747180006447</subfield>
    </datafield>
    <datafield tag="092" ind1=" " ind2=" ">
      <subfield code="a">561000-X</subfield>
      <subfield code="d">468</subfield>
      <subfield code="k">NRW</subfield>
      <subfield code="l">a</subfield>
      <subfield code="o">c</subfield>
    </datafield>
    <datafield tag="852" ind1=" " ind2=" ">
      <subfield code="8">2</subfield>
    </datafield>
    <datafield tag="852" ind1=" " ind2="1">
      <subfield code="c">40H19</subfield>
      <subfield code="9">00</subfield>
    </datafield>
    <datafield tag="852" ind1=" " ind2="2">
      <subfield code="b">04</subfield>
      <subfield code="9">09</subfield>
    </datafield>
    <datafield tag="852" ind1=" " ind2=" ">
      <subfield code="a">DE-468</subfield>
    </datafield>
    <datafield tag="859" ind1="0" ind2="0">
      <subfield code="8">1.1\x</subfield>
      <subfield code="a">7</subfield>
      <subfield code="i">1956/59</subfield>
    </datafield>
    <datafield tag="859" ind1="1" ind2="0">
      <subfield code="8">1.2\x</subfield>
      <subfield code="a">13</subfield>
      <subfield code="i">2012</subfield>
    </datafield>
    <datafield tag="866" ind1="3" ind2="0">
      <subfield code="9">N.F.</subfield>
    </datafield>
    <datafield tag="866" ind1="3" ind2="0">
      <subfield code="a">7.1956/59(1960) - 13.2012</subfield>
    </datafield>
    <datafield tag="933" ind1=" " ind2=" ">
      <subfield code="a">CC0</subfield>
    </datafield>
  </record>
  <record type="Holdings">
    <leader>00000ny  a22000003n 4500</leader>
    <controlfield tag="001">303553235</controlfield>
    <controlfield tag="003">DE-101</controlfield>
    <controlfield tag="005">20220322080327.0</controlfield>
    <controlfield tag="008">141110||||||||||||||||ger|||||||</controlfield>
    <datafield tag="092" ind1=" " ind2=" ">
      <subfield code="a">540100-8</subfield>
      <subfield code="d">929</subfield>
      <subfield code="k">NRW</subfield>
      <subfield code="l">a</subfield>
      <subfield code="o">c</subfield>
    </datafield>
    <datafield tag="852" ind1=" " ind2=" ">
      <subfield code="8">1</subfield>
    </datafield>
    <datafield tag="852" ind1=" " ind2="1">
      <subfield code="c">Z 5232</subfield>
      <subfield code="9">00</subfield>
    </datafield>
    <datafield tag="852" ind1=" " ind2=" ">
      <subfield code="a">DE-929</subfield>
    </datafield>
    <datafield tag="859" ind1="0" ind2="0">
      <subfield code="8">1.1\x</subfield>
      <subfield code="a">2</subfield>
      <subfield code="i">1937/38</subfield>
    </datafield>
    <datafield tag="859" ind1="1" ind2="0">
      <subfield code="8">1.2\x</subfield>
      <subfield code="a">10</subfield>
      <subfield code="i">1965/70</subfield>
    </datafield>
    <datafield tag="859" ind1="0" ind2="0">
      <subfield code="8">2.1\x</subfield>
      <subfield code="a">4</subfield>
      <subfield code="i">1983</subfield>
    </datafield>
    <datafield tag="859" ind1="1" ind2="0">
      <subfield code="8">2.2\x</subfield>
      <subfield code="a">13</subfield>
      <subfield code="i">2012</subfield>
    </datafield>
    <datafield tag="866" ind1="3" ind2="0">
      <subfield code="a">2.1937/38(1938) - 10.1965/70(1971); N.F. 4.1983 - 13.2012</subfield>
    </datafield>
    <datafield tag="866" ind1=" " ind2="0">
      <subfield code="z">Dauerleihgabe WGfF</subfield>
    </datafield>
    <datafield tag="933" ind1=" " ind2=" ">
      <subfield code="a">CC0</subfield>
    </datafield>
  </record>
  <record type="Holdings">
    <leader>00000ny  a22000003n 4500</leader>
    <controlfield tag="001">017636396</controlfield>
    <controlfield tag="003">DE-101</controlfield>
    <controlfield tag="005">20141110210309.0</controlfield>
    <controlfield tag="008">991205||||||||||||||||ger|||||||</controlfield>
    <datafield tag="035" ind1=" " ind2=" ">
      <subfield code="a">(DE-600)4737035-x</subfield>
    </datafield>
    <datafield tag="092" ind1=" " ind2=" ">
      <subfield code="a">548004-8</subfield>
      <subfield code="d">Kob 1</subfield>
      <subfield code="k">NRW</subfield>
      <subfield code="l">b</subfield>
      <subfield code="o">d</subfield>
    </datafield>
    <datafield tag="852" ind1=" " ind2=" ">
      <subfield code="8">1</subfield>
    </datafield>
    <datafield tag="852" ind1=" " ind2="1">
      <subfield code="c">Z 587</subfield>
      <subfield code="9">00</subfield>
    </datafield>
    <datafield tag="852" ind1=" " ind2=" ">
      <subfield code="a">DE-Kob1</subfield>
    </datafield>
    <datafield tag="859" ind1="0" ind2="0">
      <subfield code="8">1.1\x</subfield>
      <subfield code="i">1961</subfield>
    </datafield>
    <datafield tag="859" ind1="1" ind2="0">
      <subfield code="8">1.2\x</subfield>
      <subfield code="i">1965</subfield>
    </datafield>
    <datafield tag="866" ind1="3" ind2="0">
      <subfield code="a">1961 - 1965</subfield>
    </datafield>
    <datafield tag="933" ind1=" " ind2=" ">
      <subfield code="a">CC0</subfield>
    </datafield>
  </record>
  <record type="Holdings">
    <leader>00000ny  a22000003n 4500</leader>
    <controlfield tag="001">079851320</controlfield>
    <controlfield tag="003">DE-101</controlfield>
    <controlfield tag="005">20230928080403.0</controlfield>
    <controlfield tag="008">020827||||||||||||||||ger|||||||</controlfield>
    <datafield tag="035" ind1=" " ind2=" ">
      <subfield code="a">(DE-605)22122842450006472</subfield>
    </datafield>
    <datafield tag="092" ind1=" " ind2=" ">
      <subfield code="a">501001-9</subfield>
      <subfield code="d">38 M</subfield>
      <subfield code="k">NRW</subfield>
      <subfield code="l">c</subfield>
      <subfield code="o">e</subfield>
    </datafield>
    <datafield tag="852" ind1=" " ind2=" ">
      <subfield code="8">1</subfield>
    </datafield>
    <datafield tag="852" ind1=" " ind2="1">
      <subfield code="c">Se 2011</subfield>
      <subfield code="9">00</subfield>
    </datafield>
    <datafield tag="852" ind1=" " ind2=" ">
      <subfield code="a">DE-38M</subfield>
    </datafield>
    <datafield tag="859" ind1="0" ind2="0">
      <subfield code="8">1.1\x</subfield>
      <subfield code="a">6</subfield>
      <subfield code="i">1953/55</subfield>
    </datafield>
    <datafield tag="866" ind1="3" ind2="0">
      <subfield code="a">6.1953/55</subfield>
    </datafield>
    <datafield tag="933" ind1=" " ind2=" ">
      <subfield code="a">CC0</subfield>
    </datafield>
  </record>
  <record type="Holdings">
    <leader>00000ny  a22000003n 4500</leader>
    <controlfield tag="001">017636434</controlfield>
    <controlfield tag="003">DE-101</controlfield>
    <controlfield tag="005">20190806092152.0</controlfield>
    <controlfield tag="008">991205||||||||||||||||ger|||||||</controlfield>
    <datafield tag="035" ind1=" " ind2=" ">
      <subfield code="a">(DE-600)760791-x</subfield>
    </datafield>
    <datafield tag="092" ind1=" " ind2=" ">
      <subfield code="a">858001-7</subfield>
      <subfield code="d">N 1</subfield>
      <subfield code="k">BAY</subfield>
      <subfield code="l">a</subfield>
      <subfield code="o">b</subfield>
    </datafield>
    <datafield tag="852" ind1=" " ind2=" ">
      <subfield code="8">1</subfield>
    </datafield>
    <datafield tag="852" ind1=" " ind2="1">
      <subfield code="c">&#152;8&#156; Zg HIL 016/1</subfield>
      <subfield code="9">00</subfield>
    </datafield>
    <datafield tag="852" ind1=" " ind2=" ">
      <subfield code="a">DE-N1</subfield>
    </datafield>
    <datafield tag="859" ind1="0" ind2="0">
      <subfield code="8">1.1\x</subfield>
      <subfield code="a">1</subfield>
      <subfield code="i">1936</subfield>
    </datafield>
    <datafield tag="859" ind1="1" ind2="0">
      <subfield code="8">1.2\x</subfield>
      <subfield code="a">10</subfield>
      <subfield code="i">1965/70</subfield>
    </datafield>
    <datafield tag="866" ind1="3" ind2="0">
      <subfield code="a">1.1936 - 10.1965/70(1971)</subfield>
    </datafield>
    <datafield tag="933" ind1=" " ind2=" ">
      <subfield code="a">CC0</subfield>
    </datafield>
  </record>
  <record type="Holdings">
    <leader>00000ny  a22000003n 4500</leader>
    <controlfield tag="001">634122088</controlfield>
    <controlfield tag="003">DE-101</controlfield>
    <controlfield tag="005">20190806092256.0</controlfield>
    <controlfield tag="008">190806||||||||||||||||ger|||||||</controlfield>
    <datafield tag="092" ind1=" " ind2=" ">
      <subfield code="a">858001-7</subfield>
      <subfield code="d">N 1</subfield>
      <subfield code="k">BAY</subfield>
      <subfield code="l">a</subfield>
      <subfield code="o">b</subfield>
    </datafield>
    <datafield tag="852" ind1=" " ind2=" ">
      <subfield code="8">1</subfield>
    </datafield>
    <datafield tag="852" ind1=" " ind2="1">
      <subfield code="c">&#152;8&#156; Zg HIL 016/1</subfield>
      <subfield code="9">00</subfield>
    </datafield>
    <datafield tag="852" ind1=" " ind2=" ">
      <subfield code="a">DE-N1</subfield>
    </datafield>
    <datafield tag="859" ind1="0" ind2="0">
      <subfield code="8">1.1\x</subfield>
      <subfield code="a">1</subfield>
      <subfield code="i">1978</subfield>
    </datafield>
    <datafield tag="859" ind1="1" ind2="0">
      <subfield code="8">1.2\x</subfield>
      <subfield code="a">13</subfield>
      <subfield code="i">2012</subfield>
    </datafield>
    <datafield tag="866" ind1="3" ind2="0">
      <subfield code="9">N.F.</subfield>
    </datafield>
    <datafield tag="866" ind1="3" ind2="0">
      <subfield code="a">1.1978 - 13.2012</subfield>
    </datafield>
    <datafield tag="933" ind1=" " ind2=" ">
      <subfield code="a">CC0</subfield>
    </datafield>
  </record>
  <record type="Holdings">
    <leader>00000ny  a22000003n 4500</leader>
    <controlfield tag="001">017636450</controlfield>
    <controlfield tag="003">DE-101</controlfield>
    <controlfield tag="005">20060329141029.0</controlfield>
    <controlfield tag="008">991205||||||||||||||||ger|||||||</controlfield>
    <datafield tag="035" ind1=" " ind2=" ">
      <subfield code="a">(DE-600)760776-3</subfield>
    </datafield>
    <datafield tag="092" ind1=" " ind2=" ">
      <subfield code="a">508028-9</subfield>
      <subfield code="d">Kn 28</subfield>
      <subfield code="k">NRW</subfield>
      <subfield code="l">a</subfield>
      <subfield code="o">c</subfield>
    </datafield>
    <datafield tag="852" ind1=" " ind2=" ">
      <subfield code="8">1</subfield>
    </datafield>
    <datafield tag="852" ind1=" " ind2="1">
      <subfield code="c">Zc 527</subfield>
      <subfield code="9">00</subfield>
    </datafield>
    <datafield tag="852" ind1=" " ind2=" ">
      <subfield code="a">DE-Kn28</subfield>
    </datafield>
    <datafield tag="859" ind1="0" ind2="0">
      <subfield code="8">1.1\x</subfield>
      <subfield code="a">1</subfield>
      <subfield code="i">1936</subfield>
    </datafield>
    <datafield tag="859" ind1="1" ind2="0">
      <subfield code="8">1.2\x</subfield>
      <subfield code="a">10</subfield>
      <subfield code="i">1965/70</subfield>
    </datafield>
    <datafield tag="859" ind1="0" ind2="0">
      <subfield code="8">2.1\x</subfield>
      <subfield code="a">2</subfield>
      <subfield code="i">1981</subfield>
    </datafield>
    <datafield tag="859" ind1="0" ind2="0">
      <subfield code="8">3.1\x</subfield>
      <subfield code="a">3</subfield>
      <subfield code="i">1989</subfield>
    </datafield>
    <datafield tag="866" ind1="3" ind2="0">
      <subfield code="a">1.1936 - 10.1965/70; N.F. 3.1981; N.F. 7.1989; N.F. 12.2005</subfield>
    </datafield>
    <datafield tag="933" ind1=" " ind2=" ">
      <subfield code="a">CC0</subfield>
    </datafield>
  </record>
  <record type="Holdings">
    <leader>00000ny  a22000003n 4500</leader>
    <controlfield tag="001">017636493</controlfield>
    <controlfield tag="003">DE-101</controlfield>
    <controlfield tag="005">20030924220013.0</controlfield>
    <controlfield tag="008">991205||||||||||||||||ger|||||||</controlfield>
    <datafield tag="035" ind1=" " ind2=" ">
      <subfield code="a">(DE-600)760770-2</subfield>
    </datafield>
    <datafield tag="092" ind1=" " ind2=" ">
      <subfield code="a">437010-7</subfield>
      <subfield code="d">168</subfield>
      <subfield code="k">NRW</subfield>
      <subfield code="l">a</subfield>
      <subfield code="o">c</subfield>
    </datafield>
    <datafield tag="852" ind1=" " ind2=" ">
      <subfield code="8">1</subfield>
    </datafield>
    <datafield tag="852" ind1=" " ind2=" ">
      <subfield code="a">DE-168</subfield>
    </datafield>
    <datafield tag="859" ind1="0" ind2="0">
      <subfield code="8">1.1\x</subfield>
      <subfield code="a">1</subfield>
      <subfield code="i">1936</subfield>
    </datafield>
    <datafield tag="859" ind1="1" ind2="0">
      <subfield code="8">1.2\x</subfield>
      <subfield code="a">10</subfield>
      <subfield code="i">1965/70</subfield>
    </datafield>
    <datafield tag="866" ind1="3" ind2="0">
      <subfield code="a">1.1936 - 10.1965/70(1971)</subfield>
    </datafield>
    <datafield tag="933" ind1=" " ind2=" ">
      <subfield code="a">CC0</subfield>
    </datafield>
  </record>
  <record type="Holdings">
    <leader>00000ny  a22000003n 4500</leader>
    <controlfield tag="001">017636507</controlfield>
    <controlfield tag="003">DE-101</controlfield>
    <controlfield tag="005">20030924220013.0</controlfield>
    <controlfield tag="008">991205||||||||||||||||ger|||||||</controlfield>
    <datafield tag="035" ind1=" " ind2=" ">
      <subfield code="a">(DE-600)760777-5</subfield>
    </datafield>
    <datafield tag="092" ind1=" " ind2=" ">
      <subfield code="a">518052-1</subfield>
      <subfield code="d">52</subfield>
      <subfield code="k">NRW</subfield>
      <subfield code="l">a</subfield>
      <subfield code="o">c</subfield>
    </datafield>
    <datafield tag="852" ind1=" " ind2=" ">
      <subfield code="8">1</subfield>
    </datafield>
    <datafield tag="852" ind1=" " ind2=" ">
      <subfield code="a">DE-52</subfield>
    </datafield>
    <datafield tag="859" ind1="0" ind2="0">
      <subfield code="8">1.1\x</subfield>
      <subfield code="a">1</subfield>
      <subfield code="i">1936</subfield>
    </datafield>
    <datafield tag="859" ind1="1" ind2="0">
      <subfield code="8">1.2\x</subfield>
      <subfield code="a">3</subfield>
      <subfield code="i">1939/40</subfield>
    </datafield>
    <datafield tag="866" ind1="3" ind2="0">
      <subfield code="a">1.1936 - 3.1939/40(1941)</subfield>
    </datafield>
    <datafield tag="933" ind1=" " ind2=" ">
      <subfield code="a">CC0</subfield>
    </datafield>
  </record>
  <record type="Holdings">
    <leader>00000ny  a22000003n 4500</leader>
    <controlfield tag="001">017636418</controlfield>
    <controlfield tag="003">DE-101</controlfield>
    <controlfield tag="005">20070530110708.0</controlfield>
    <controlfield tag="008">991205||||||||||||||||ger|||||||</controlfield>
    <datafield tag="035" ind1=" " ind2=" ">
      <subfield code="a">(DE-600)3858520-0</subfield>
    </datafield>
    <datafield tag="092" ind1=" " ind2=" ">
      <subfield code="a">958600-3</subfield>
      <subfield code="d">185</subfield>
      <subfield code="k">SAX</subfield>
      <subfield code="l">a</subfield>
      <subfield code="o">c</subfield>
    </datafield>
    <datafield tag="852" ind1=" " ind2=" ">
      <subfield code="8">1</subfield>
    </datafield>
    <datafield tag="852" ind1=" " ind2="1">
      <subfield code="c">IX 825</subfield>
      <subfield code="9">00</subfield>
    </datafield>
    <datafield tag="852" ind1=" " ind2=" ">
      <subfield code="a">DE-185</subfield>
    </datafield>
    <datafield tag="859" ind1="0" ind2="0">
      <subfield code="8">1.1\x</subfield>
      <subfield code="a">1</subfield>
      <subfield code="i">1936</subfield>
    </datafield>
    <datafield tag="859" ind1="1" ind2="0">
      <subfield code="8">1.2\x</subfield>
      <subfield code="a">10</subfield>
      <subfield code="i">1965/70</subfield>
    </datafield>
    <datafield tag="859" ind1="0" ind2="0">
      <subfield code="8">2.1\x</subfield>
      <subfield code="a">1</subfield>
      <subfield code="i">1978</subfield>
    </datafield>
    <datafield tag="859" ind1="0" ind2="0">
      <subfield code="8">3.1\x</subfield>
      <subfield code="a">4</subfield>
      <subfield code="i">1983</subfield>
    </datafield>
    <datafield tag="859" ind1="0" ind2="0">
      <subfield code="8">4.1\x</subfield>
      <subfield code="a">6</subfield>
      <subfield code="i">1987</subfield>
    </datafield>
    <datafield tag="859" ind1="1" ind2="0">
      <subfield code="8">4.2\x</subfield>
      <subfield code="a">10</subfield>
      <subfield code="i">1997</subfield>
    </datafield>
    <datafield tag="866" ind1="3" ind2="0">
      <subfield code="a">1.1936 - 10.1965/70(1971); N.F. 1.1978; 4.1983; 6.1987 - 10.1997</subfield>
    </datafield>
    <datafield tag="933" ind1=" " ind2=" ">
      <subfield code="a">CC0</subfield>
    </datafield>
  </record>
  <record type="Holdings">
    <leader>00000ny  a22000003n 4500</leader>
    <controlfield tag="001">626387876</controlfield>
    <controlfield tag="003">DE-101</controlfield>
    <controlfield tag="005">20240102102541.0</controlfield>
    <controlfield tag="008">190611||||||||||||||||ger|||||||</controlfield>
    <datafield tag="092" ind1=" " ind2=" ">
      <subfield code="a">568101-7</subfield>
      <subfield code="d">Sol 1</subfield>
      <subfield code="k">NRW</subfield>
      <subfield code="l">b</subfield>
      <subfield code="o">d</subfield>
    </datafield>
    <datafield tag="852" ind1=" " ind2="1">
      <subfield code="c">MA 124</subfield>
      <subfield code="9">00</subfield>
    </datafield>
    <datafield tag="852" ind1=" " ind2=" ">
      <subfield code="a">DE-Sol1</subfield>
    </datafield>
    <datafield tag="859" ind1="0" ind2="0">
      <subfield code="8">1.1\x</subfield>
      <subfield code="a">1</subfield>
      <subfield code="i">1936</subfield>
    </datafield>
    <datafield tag="859" ind1="1" ind2="0">
      <subfield code="8">1.2\x</subfield>
      <subfield code="a">10</subfield>
      <subfield code="i">1965/70</subfield>
    </datafield>
    <datafield tag="859" ind1="0" ind2="0">
      <subfield code="8">2.1\x</subfield>
      <subfield code="a">1</subfield>
      <subfield code="i">1978</subfield>
    </datafield>
    <datafield tag="859" ind1="1" ind2="0">
      <subfield code="8">2.2\x</subfield>
      <subfield code="a">13</subfield>
      <subfield code="i">2012</subfield>
    </datafield>
    <datafield tag="866" ind1="3" ind2="0">
      <subfield code="a">1.1936 - 10.1965/70(1971); N.F. 1.1978 - 13.2012</subfield>
    </datafield>
    <datafield tag="933" ind1=" " ind2=" ">
      <subfield code="a">CC0</subfield>
    </datafield>
  </record>
</collection></recordData><recordPosition>11</recordPosition></record>