<record><recordSchema>MARC21plus-xml</recordSchema><recordPacking>xml</recordPacking><recordData><collection xmlns="http://www.loc.gov/MARC21/slim">
  <record type="Bibliographic">
    <leader>00000nas a2200000 c 4500</leader>
    <controlfield tag="001">011285362</controlfield>
    <controlfield tag="003">DE-101</controlfield>
    <controlfield tag="005">20220903054842.0</controlfield>
    <controlfield tag="007">tu</controlfield>
    <controlfield tag="008">991119d18941991gw u||p|  ||| 0||||1ger c</controlfield>
    <datafield tag="016" ind1="7" ind2=" ">
      <subfield code="2">DE-600</subfield>
      <subfield code="a">218456-4</subfield>
    </datafield>
    <datafield tag="016" ind1="7" ind2=" ">
      <subfield code="2">DE-101</subfield>
      <subfield code="a">011285362</subfield>
    </datafield>
    <datafield tag="035" ind1=" " ind2=" ">
      <subfield code="a">(DE-599)ZDB218456-4</subfield>
    </datafield>
    <datafield tag="035" ind1=" " ind2=" ">
      <subfield code="a">(OCoLC)183328057</subfield>
    </datafield>
    <datafield tag="040" ind1=" " ind2=" ">
      <subfield code="a">9001</subfield>
      <subfield code="b">ger</subfield>
      <subfield code="c">DE-101</subfield>
      <subfield code="d">9999</subfield>
    </datafield>
    <datafield tag="041" ind1=" " ind2=" ">
      <subfield code="a">ger</subfield>
    </datafield>
    <datafield tag="042" ind1=" " ind2=" ">
      <subfield code="a">zdb</subfield>
    </datafield>
    <datafield tag="044" ind1=" " ind2=" ">
      <subfield code="c">XA-DE</subfield>
    </datafield>
    <datafield tag="082" ind1="7" ind2="4">
      <subfield code="a">230</subfield>
      <subfield code="q">DE-600</subfield>
      <subfield code="2">22sdnb</subfield>
    </datafield>
    <datafield tag="084" ind1=" " ind2=" ">
      <subfield code="a">450</subfield>
      <subfield code="2">rpb</subfield>
    </datafield>
    <datafield tag="084" ind1=" " ind2=" ">
      <subfield code="a">BO 1140</subfield>
      <subfield code="2">rvk</subfield>
    </datafield>
    <datafield tag="110" ind1="2" ind2=" ">
      <subfield code="0">(DE-588)1084659573</subfield>
      <subfield code="0">https://d-nb.info/gnd/1084659573</subfield>
      <subfield code="0">(DE-101)1084659573</subfield>
      <subfield code="a">Katholische Kirche</subfield>
      <subfield code="b">Diözese Trier</subfield>
      <subfield code="e">Verfasser</subfield>
      <subfield code="4">aut</subfield>
      <subfield code="2">gnd</subfield>
    </datafield>
    <datafield tag="245" ind1="1" ind2="0">
      <subfield code="a">Handbuch des Bistums Trier</subfield>
    </datafield>
    <datafield tag="264" ind1="3" ind2="1">
      <subfield code="a">Trier</subfield>
      <subfield code="b">[Verlag nicht ermittelbar]</subfield>
      <subfield code="c">1894-1991</subfield>
    </datafield>
    <datafield tag="336" ind1=" " ind2=" ">
      <subfield code="a">Text</subfield>
      <subfield code="b">txt</subfield>
      <subfield code="2">rdacontent</subfield>
    </datafield>
    <datafield tag="337" ind1=" " ind2=" ">
      <subfield code="a">ohne Hilfsmittel zu benutzen</subfield>
      <subfield code="b">n</subfield>
      <subfield code="2">rdamedia</subfield>
    </datafield>
    <datafield tag="338" ind1=" " ind2=" ">
      <subfield code="a">Band</subfield>
      <subfield code="b">nc</subfield>
      <subfield code="2">rdacarrier</subfield>
    </datafield>
    <datafield tag="362" ind1="0" ind2=" ">
      <subfield code="a">13.1894 - 15.1901; 16.1906 - 21.1960; 22.1991[?]</subfield>
    </datafield>
    <datafield tag="363" ind1="0" ind2="0">
      <subfield code="8">1.1\x</subfield>
      <subfield code="a">13</subfield>
      <subfield code="i">1894</subfield>
    </datafield>
    <datafield tag="363" ind1="1" ind2="0">
      <subfield code="8">1.2\x</subfield>
      <subfield code="a">15</subfield>
      <subfield code="i">1901</subfield>
    </datafield>
    <datafield tag="363" ind1="0" ind2="0">
      <subfield code="8">2.1\x</subfield>
      <subfield code="a">16</subfield>
      <subfield code="i">1906</subfield>
    </datafield>
    <datafield tag="363" ind1="1" ind2="0">
      <subfield code="8">2.2\x</subfield>
      <subfield code="a">21</subfield>
      <subfield code="i">1960</subfield>
    </datafield>
    <datafield tag="363" ind1="0" ind2="0">
      <subfield code="8">3.1\x</subfield>
      <subfield code="a">22</subfield>
      <subfield code="i">1991</subfield>
    </datafield>
    <datafield tag="610" ind1="2" ind2="7">
      <subfield code="0">(DE-588)1084659573</subfield>
      <subfield code="0">https://d-nb.info/gnd/1084659573</subfield>
      <subfield code="0">(DE-101)1084659573</subfield>
      <subfield code="a">Katholische Kirche</subfield>
      <subfield code="b">Diözese Trier</subfield>
      <subfield code="9">rswk-swf</subfield>
      <subfield code="2">gnd</subfield>
    </datafield>
    <datafield tag="650" ind1=" " ind2="7">
      <subfield code="0">(DE-588)4067488-5</subfield>
      <subfield code="0">https://d-nb.info/gnd/4067488-5</subfield>
      <subfield code="0">(DE-101)040674886</subfield>
      <subfield code="a">Zeitschrift</subfield>
      <subfield code="9">rswk-swf</subfield>
      <subfield code="2">gnd</subfield>
    </datafield>
    <datafield tag="655" ind1=" " ind2="7">
      <subfield code="0">(DE-588)4067488-5</subfield>
      <subfield code="0">https://d-nb.info/gnd/4067488-5</subfield>
      <subfield code="0">(DE-101)040674886</subfield>
      <subfield code="a">Zeitschrift</subfield>
      <subfield code="2">gnd-content</subfield>
    </datafield>
    <datafield tag="689" ind1="0" ind2="0">
      <subfield code="0">(DE-588)1084659573</subfield>
      <subfield code="0">https://d-nb.info/gnd/1084659573</subfield>
      <subfield code="0">(DE-101)1084659573</subfield>
      <subfield code="D">b</subfield>
      <subfield code="a">Katholische Kirche</subfield>
      <subfield code="b">Diözese Trier</subfield>
    </datafield>
    <datafield tag="689" ind1="0" ind2="1">
      <subfield code="0">(DE-588)4067488-5</subfield>
      <subfield code="0">https://d-nb.info/gnd/4067488-5</subfield>
      <subfield code="0">(DE-101)040674886</subfield>
      <subfield code="D">s</subfield>
      <subfield code="a">Zeitschrift</subfield>
    </datafield>
    <datafield tag="689" ind1="0" ind2=" ">
      <subfield code="5">DE-600</subfield>
      <subfield code="5">DE-600</subfield>
    </datafield>
    <datafield tag="780" ind1="0" ind2="0">
      <subfield code="i">Vorg.:</subfield>
      <subfield code="a">Katholische Kirche / Diözese Trier</subfield>
      <subfield code="t">Schematismus des Bisthums Trier</subfield>
      <subfield code="d">Trier : Lintz, 1827-1889</subfield>
      <subfield code="w">(DE-600)602994-2</subfield>
      <subfield code="w">(DE-101)013466909</subfield>
    </datafield>
    <datafield tag="850" ind1=" " ind2=" ">
      <subfield code="a">DE-101a</subfield>
      <subfield code="a">DE-101b</subfield>
    </datafield>
  </record>

  <record type="Holdings">
    <leader>00000ny  a22000003n 4500</leader>
    <controlfield tag="001">089821629</controlfield>
    <controlfield tag="003">DE-101</controlfield>
    <controlfield tag="005">20080816191206.0</controlfield>
    <controlfield tag="008">031009||||||||||||||||ger|||||||</controlfield>
    <datafield tag="035" ind1=" " ind2=" ">
      <subfield code="a">(XX-XxUND)1631/0516</subfield>
    </datafield>
    <datafield tag="092" ind1=" " ind2=" ">
      <subfield code="a">950200-2</subfield>
      <subfield code="d">101a</subfield>
      <subfield code="k">SAX</subfield>
      <subfield code="l">a</subfield>
      <subfield code="o">b</subfield>
    </datafield>
    <datafield tag="541" ind1=" " ind2=" ">
      <subfield code="e">L-1894-089821629</subfield>
    </datafield>
    <datafield tag="852" ind1=" " ind2=" ">
      <subfield code="8">1</subfield>
    </datafield>
    <datafield tag="852" ind1=" " ind2="1">
      <subfield code="c">ZB 5212</subfield>
      <subfield code="9">00</subfield>
    </datafield>
    <datafield tag="852" ind1=" " ind2=" ">
      <subfield code="a">DE-101a</subfield>
    </datafield>
    <datafield tag="866" ind1="3" ind2="0">
      <subfield code="a">1912; 1927 -</subfield>
    </datafield>
    <datafield tag="933" ind1=" " ind2=" ">
      <subfield code="a">CC0</subfield>
    </datafield>
  </record>
  <record type="Holdings">
    <leader>00000ny  a22000003n 4500</leader>
    <controlfield tag="001">094220549</controlfield>
    <controlfield tag="003">DE-101</controlfield>
    <controlfield tag="005">20070804040922.0</controlfield>
    <controlfield tag="008">040308||||||||||||||||ger|||||||</controlfield>
    <datafield tag="092" ind1=" " ind2=" ">
      <subfield code="a">600100-2</subfield>
      <subfield code="d">101b</subfield>
      <subfield code="k">HES</subfield>
      <subfield code="l">a</subfield>
      <subfield code="o">b</subfield>
    </datafield>
    <datafield tag="852" ind1=" " ind2=" ">
      <subfield code="8">1</subfield>
    </datafield>
    <datafield tag="852" ind1=" " ind2="1">
      <subfield code="c">DZs 4523</subfield>
      <subfield code="9">00</subfield>
    </datafield>
    <datafield tag="852" ind1=" " ind2=" ">
      <subfield code="a">DE-101b</subfield>
    </datafield>
    <datafield tag="866" ind1="3" ind2="0">
      <subfield code="a">20.1952 - 21.1960</subfield>
    </datafield>
    <datafield tag="933" ind1=" " ind2=" ">
      <subfield code="a">CC0</subfield>
    </datafield>
  </record>
  <record type="Holdings">
    <leader>00000ny  a22000003n 4500</leader>
    <controlfield tag="001">839117698</controlfield>
    <controlfield tag="003">DE-101</controlfield>
    <controlfield tag="005">20221012050926.0</controlfield>
    <controlfield tag="008">050607||||||||||||||||ger|||||||</controlfield>
    <datafield tag="035" ind1=" " ind2=" ">
      <subfield code="a">(DE-601)723157189</subfield>
    </datafield>
    <datafield tag="035" ind1=" " ind2=" ">
      <subfield code="a">(DE-1)166542687</subfield>
    </datafield>
    <datafield tag="092" ind1=" " ind2=" ">
      <subfield code="a">910107-X</subfield>
      <subfield code="d">1</subfield>
      <subfield code="k">BER</subfield>
      <subfield code="l">a</subfield>
      <subfield code="o">c</subfield>
    </datafield>
    <datafield tag="852" ind1=" " ind2=" ">
      <subfield code="8">1</subfield>
    </datafield>
    <datafield tag="852" ind1=" " ind2="1">
      <subfield code="c">&#152;4"&#156;Ti 5201&lt;a></subfield>
      <subfield code="m">d</subfield>
      <subfield code="=">l</subfield>
      <subfield code="9">00</subfield>
    </datafield>
    <datafield tag="852" ind1=" " ind2=" ">
      <subfield code="a">DE-1</subfield>
    </datafield>
    <datafield tag="859" ind1="0" ind2="0">
      <subfield code="8">1.1\x</subfield>
      <subfield code="a">17</subfield>
      <subfield code="i">1912</subfield>
    </datafield>
    <datafield tag="866" ind1="3" ind2="0">
      <subfield code="a">17.1912</subfield>
    </datafield>
    <datafield tag="933" ind1=" " ind2=" ">
      <subfield code="a">CC0</subfield>
    </datafield>
  </record>
  <record type="Holdings">
    <leader>00000ny  a22000003n 4500</leader>
    <controlfield tag="001">204759625</controlfield>
    <controlfield tag="003">DE-101</controlfield>
    <controlfield tag="005">20240809160311.0</controlfield>
    <controlfield tag="008">110321||||||||||||||||ger|||||||</controlfield>
    <datafield tag="035" ind1=" " ind2=" ">
      <subfield code="a">(DE-605)22310622230006467</subfield>
    </datafield>
    <datafield tag="092" ind1=" " ind2=" ">
      <subfield code="a">532039-2</subfield>
      <subfield code="d">5/39</subfield>
      <subfield code="k">NRW</subfield>
      <subfield code="l">b</subfield>
      <subfield code="o">d</subfield>
    </datafield>
    <datafield tag="852" ind1=" " ind2=" ">
      <subfield code="8">1</subfield>
    </datafield>
    <datafield tag="852" ind1=" " ind2="1">
      <subfield code="c">Ga 6571/200</subfield>
      <subfield code="9">00</subfield>
    </datafield>
    <datafield tag="852" ind1=" " ind2=" ">
      <subfield code="a">DE-5-39</subfield>
    </datafield>
    <datafield tag="859" ind1="0" ind2="0">
      <subfield code="8">1.1\x</subfield>
      <subfield code="a">16</subfield>
      <subfield code="i">1906</subfield>
    </datafield>
    <datafield tag="859" ind1="0" ind2="0">
      <subfield code="8">2.1\x</subfield>
      <subfield code="a">18</subfield>
      <subfield code="i">1927</subfield>
    </datafield>
    <datafield tag="859" ind1="1" ind2="0">
      <subfield code="8">2.2\x</subfield>
      <subfield code="a">20</subfield>
      <subfield code="i">1952</subfield>
    </datafield>
    <datafield tag="866" ind1="3" ind2="0">
      <subfield code="a">16.1906; 18.1927 - 20.1952</subfield>
    </datafield>
    <datafield tag="933" ind1=" " ind2=" ">
      <subfield code="a">CC0</subfield>
    </datafield>
  </record>
  <record type="Holdings">
    <leader>00000ny  a22000003n 4500</leader>
    <controlfield tag="001">017881420</controlfield>
    <controlfield tag="003">DE-101</controlfield>
    <controlfield tag="005">20240302090949.0</controlfield>
    <controlfield tag="008">991205||||||||||||||||ger|||||||</controlfield>
    <datafield tag="035" ind1=" " ind2=" ">
      <subfield code="a">(DE-605)22506676310006449</subfield>
    </datafield>
    <datafield tag="092" ind1=" " ind2=" ">
      <subfield code="a">441000-2</subfield>
      <subfield code="d">6</subfield>
      <subfield code="k">NRW</subfield>
      <subfield code="l">a</subfield>
      <subfield code="o">c</subfield>
      <subfield code="w">4</subfield>
    </datafield>
    <datafield tag="852" ind1=" " ind2=" ">
      <subfield code="8">1</subfield>
    </datafield>
    <datafield tag="852" ind1=" " ind2="1">
      <subfield code="c">Z 1266</subfield>
      <subfield code="9">00</subfield>
    </datafield>
    <datafield tag="852" ind1=" " ind2=" ">
      <subfield code="a">DE-6</subfield>
    </datafield>
    <datafield tag="859" ind1="0" ind2="0">
      <subfield code="8">1.1\x</subfield>
      <subfield code="a">13</subfield>
      <subfield code="i">1894</subfield>
    </datafield>
    <datafield tag="859" ind1="0" ind2="0">
      <subfield code="8">2.1\x</subfield>
      <subfield code="a">16</subfield>
      <subfield code="i">1906</subfield>
    </datafield>
    <datafield tag="859" ind1="0" ind2="0">
      <subfield code="8">3.1\x</subfield>
      <subfield code="a">18</subfield>
      <subfield code="i">1927</subfield>
    </datafield>
    <datafield tag="859" ind1="1" ind2="0">
      <subfield code="8">3.2\x</subfield>
      <subfield code="a">20</subfield>
      <subfield code="i">1952</subfield>
    </datafield>
    <datafield tag="866" ind1="3" ind2="0">
      <subfield code="a">13.1894; 16.1906; 18.1927 - 20.1952</subfield>
    </datafield>
    <datafield tag="933" ind1=" " ind2=" ">
      <subfield code="a">CC0</subfield>
    </datafield>
  </record>
  <record type="Holdings">
    <leader>00000ny  a22000003n 4500</leader>
    <controlfield tag="001">81061362X</controlfield>
    <controlfield tag="003">DE-101</controlfield>
    <controlfield tag="005">20220910171951.0</controlfield>
    <controlfield tag="008">080219||||||||||||||||ger|||||||</controlfield>
    <datafield tag="035" ind1=" " ind2=" ">
      <subfield code="a">(DE-601)860697878</subfield>
    </datafield>
    <datafield tag="035" ind1=" " ind2=" ">
      <subfield code="a">(DE-7-053)166542687</subfield>
    </datafield>
    <datafield tag="092" ind1=" " ind2=" ">
      <subfield code="a">341053-5</subfield>
      <subfield code="d">7/053</subfield>
      <subfield code="k">NIE</subfield>
      <subfield code="l">b</subfield>
      <subfield code="o">d</subfield>
    </datafield>
    <datafield tag="852" ind1=" " ind2=" ">
      <subfield code="8">1</subfield>
    </datafield>
    <datafield tag="852" ind1=" " ind2="1">
      <subfield code="c">L-HA 153</subfield>
      <subfield code="m">i</subfield>
      <subfield code="=">n</subfield>
      <subfield code="9">00</subfield>
    </datafield>
    <datafield tag="852" ind1=" " ind2="2">
      <subfield code="b">BBK-IHLF</subfield>
      <subfield code="9">09</subfield>
    </datafield>
    <datafield tag="852" ind1=" " ind2=" ">
      <subfield code="a">DE-7-053</subfield>
    </datafield>
    <datafield tag="859" ind1="0" ind2="0">
      <subfield code="8">1.1\x</subfield>
      <subfield code="a">20</subfield>
      <subfield code="i">1952</subfield>
    </datafield>
    <datafield tag="866" ind1="3" ind2="0">
      <subfield code="a">20.1952</subfield>
    </datafield>
    <datafield tag="933" ind1=" " ind2=" ">
      <subfield code="a">CC0</subfield>
    </datafield>
  </record>
  <record type="Holdings">
    <leader>00000ny  a22000003n 4500</leader>
    <controlfield tag="001">065505786</controlfield>
    <controlfield tag="003">DE-101</controlfield>
    <controlfield tag="005">20240222170645.0</controlfield>
    <controlfield tag="008">001017||||||||||||||||ger|||||||</controlfield>
    <datafield tag="035" ind1=" " ind2=" ">
      <subfield code="a">(DE-604)221374841940007356</subfield>
    </datafield>
    <datafield tag="092" ind1=" " ind2=" ">
      <subfield code="a">800100-5</subfield>
      <subfield code="d">12</subfield>
      <subfield code="k">BAY</subfield>
      <subfield code="l">a</subfield>
      <subfield code="o">c</subfield>
    </datafield>
    <datafield tag="852" ind1=" " ind2=" ">
      <subfield code="8">         A</subfield>
    </datafield>
    <datafield tag="852" ind1=" " ind2="1">
      <subfield code="c">Z 55.436</subfield>
      <subfield code="9">00</subfield>
    </datafield>
    <datafield tag="852" ind1=" " ind2=" ">
      <subfield code="a">DE-12</subfield>
    </datafield>
    <datafield tag="859" ind1="0" ind2="0">
      <subfield code="8">1.1\x</subfield>
      <subfield code="a">20</subfield>
      <subfield code="i">1952</subfield>
    </datafield>
    <datafield tag="859" ind1="1" ind2="0">
      <subfield code="8">1.2\x</subfield>
      <subfield code="a">21</subfield>
      <subfield code="i">1960</subfield>
    </datafield>
    <datafield tag="866" ind1="3" ind2="0">
      <subfield code="a">20.1952 - 21.1960</subfield>
    </datafield>
    <datafield tag="933" ind1=" " ind2=" ">
      <subfield code="a">CC0</subfield>
    </datafield>
  </record>
  <record type="Holdings">
    <leader>00000ny  a22000003n 4500</leader>
    <controlfield tag="001">23801729X</controlfield>
    <controlfield tag="003">DE-101</controlfield>
    <controlfield tag="005">20120612143150.0</controlfield>
    <controlfield tag="008">120612||||||||||||||||ger|||||||</controlfield>
    <datafield tag="092" ind1=" " ind2=" ">
      <subfield code="a">952000-4</subfield>
      <subfield code="d">15</subfield>
      <subfield code="k">SAX</subfield>
      <subfield code="l">a</subfield>
      <subfield code="o">b</subfield>
    </datafield>
    <datafield tag="852" ind1=" " ind2=" ">
      <subfield code="8">1</subfield>
    </datafield>
    <datafield tag="852" ind1=" " ind2="1">
      <subfield code="c">Hist.Rhen.727-px</subfield>
      <subfield code="9">00</subfield>
    </datafield>
    <datafield tag="852" ind1=" " ind2="2">
      <subfield code="b">HB</subfield>
      <subfield code="9">09</subfield>
    </datafield>
    <datafield tag="852" ind1=" " ind2=" ">
      <subfield code="a">DE-15</subfield>
    </datafield>
    <datafield tag="859" ind1="0" ind2="0">
      <subfield code="8">1.1\x</subfield>
      <subfield code="i">1897</subfield>
    </datafield>
    <datafield tag="866" ind1="3" ind2="0">
      <subfield code="a">1897</subfield>
    </datafield>
    <datafield tag="933" ind1=" " ind2=" ">
      <subfield code="a">CC0</subfield>
    </datafield>
  </record>
  <record type="Holdings">
    <leader>00000ny  a22000003n 4500</leader>
    <controlfield tag="001">484423916</controlfield>
    <controlfield tag="003">DE-101</controlfield>
    <controlfield tag="005">20190130085054.0</controlfield>
    <controlfield tag="008">190130||||||||||||||||ger|||||||</controlfield>
    <datafield tag="092" ind1=" " ind2=" ">
      <subfield code="a">871000-4</subfield>
      <subfield code="d">20</subfield>
      <subfield code="k">BAY</subfield>
      <subfield code="l">a</subfield>
      <subfield code="o">d</subfield>
    </datafield>
    <datafield tag="852" ind1=" " ind2=" ">
      <subfield code="8"> A</subfield>
    </datafield>
    <datafield tag="852" ind1=" " ind2="0">
      <subfield code="=">n</subfield>
      <subfield code="9">00</subfield>
    </datafield>
    <datafield tag="852" ind1=" " ind2="2">
      <subfield code="b">79</subfield>
      <subfield code="c">79/B 90.35</subfield>
      <subfield code="9">09</subfield>
    </datafield>
    <datafield tag="852" ind1=" " ind2=" ">
      <subfield code="a">DE-20</subfield>
    </datafield>
    <datafield tag="859" ind1="0" ind2="0">
      <subfield code="8">1.1\x</subfield>
      <subfield code="a">19</subfield>
      <subfield code="i">1938</subfield>
    </datafield>
    <datafield tag="866" ind1="3" ind2="0">
      <subfield code="a">19.1938</subfield>
    </datafield>
    <datafield tag="933" ind1=" " ind2=" ">
      <subfield code="a">CC0</subfield>
    </datafield>
  </record>
  <record type="Holdings">
    <leader>00000ny  a22000003n 4500</leader>
    <controlfield tag="001">119068796</controlfield>
    <controlfield tag="003">DE-101</controlfield>
    <controlfield tag="005">20060816220409.0</controlfield>
    <controlfield tag="008">060816||||||||||||||||ger|||||||</controlfield>
    <datafield tag="092" ind1=" " ind2=" ">
      <subfield code="a">781000-3</subfield>
      <subfield code="d">25</subfield>
      <subfield code="k">BAW</subfield>
      <subfield code="l">a</subfield>
      <subfield code="o">c</subfield>
    </datafield>
    <datafield tag="852" ind1=" " ind2=" ">
      <subfield code="8">1</subfield>
    </datafield>
    <datafield tag="852" ind1=" " ind2="1">
      <subfield code="c">M 9034,m</subfield>
      <subfield code="9">00</subfield>
    </datafield>
    <datafield tag="852" ind1=" " ind2=" ">
      <subfield code="a">DE-25</subfield>
    </datafield>
    <datafield tag="859" ind1="0" ind2="0">
      <subfield code="8">1.1\x</subfield>
      <subfield code="a">16</subfield>
      <subfield code="i">1906</subfield>
    </datafield>
    <datafield tag="866" ind1="3" ind2="0">
      <subfield code="a">16.1906</subfield>
    </datafield>
    <datafield tag="933" ind1=" " ind2=" ">
      <subfield code="a">CC0</subfield>
    </datafield>
  </record>
  <record type="Holdings">
    <leader>00000ny  a22000003n 4500</leader>
    <controlfield tag="001">017881455</controlfield>
    <controlfield tag="003">DE-101</controlfield>
    <controlfield tag="005">20130916122452.0</controlfield>
    <controlfield tag="008">991205||||||||||||||||ger|||||||</controlfield>
    <datafield tag="035" ind1=" " ind2=" ">
      <subfield code="a">(DE-600)771648-5</subfield>
    </datafield>
    <datafield tag="092" ind1=" " ind2=" ">
      <subfield code="a">788026-1</subfield>
      <subfield code="d">Frei 26</subfield>
      <subfield code="k">BAW</subfield>
      <subfield code="l">a</subfield>
      <subfield code="o">c</subfield>
    </datafield>
    <datafield tag="852" ind1=" " ind2=" ">
      <subfield code="8">1</subfield>
    </datafield>
    <datafield tag="852" ind1=" " ind2="1">
      <subfield code="c">P 23/</subfield>
      <subfield code="m">p</subfield>
      <subfield code="9">00</subfield>
    </datafield>
    <datafield tag="852" ind1=" " ind2=" ">
      <subfield code="a">DE-Frei26</subfield>
    </datafield>
    <datafield tag="859" ind1="0" ind2="0">
      <subfield code="8">1.1\x</subfield>
      <subfield code="a">13</subfield>
      <subfield code="i">1894</subfield>
    </datafield>
    <datafield tag="859" ind1="0" ind2="0">
      <subfield code="8">2.1\x</subfield>
      <subfield code="a">15</subfield>
      <subfield code="i">1901</subfield>
    </datafield>
    <datafield tag="859" ind1="1" ind2="0">
      <subfield code="8">2.2\x</subfield>
      <subfield code="a">19</subfield>
      <subfield code="i">1938</subfield>
    </datafield>
    <datafield tag="859" ind1="0" ind2="0">
      <subfield code="8">3.1\x</subfield>
      <subfield code="a">21</subfield>
      <subfield code="i">1960</subfield>
    </datafield>
    <datafield tag="866" ind1="3" ind2="0">
      <subfield code="a">13.1894; 15.1901 - 19.1938; 21.1960</subfield>
    </datafield>
    <datafield tag="933" ind1=" " ind2=" ">
      <subfield code="a">CC0</subfield>
    </datafield>
  </record>
  <record type="Holdings">
    <leader>00000ny  a22000003n 4500</leader>
    <controlfield tag="001">107553635</controlfield>
    <controlfield tag="003">DE-101</controlfield>
    <controlfield tag="005">20100203135201.0</controlfield>
    <controlfield tag="008">050713||||||||||||||||ger|||||||</controlfield>
    <datafield tag="092" ind1=" " ind2=" ">
      <subfield code="a">788164-2</subfield>
      <subfield code="d">Frei 164</subfield>
      <subfield code="k">BAW</subfield>
      <subfield code="l">b</subfield>
      <subfield code="o">d</subfield>
    </datafield>
    <datafield tag="852" ind1=" " ind2=" ">
      <subfield code="8">1</subfield>
    </datafield>
    <datafield tag="852" ind1=" " ind2=" ">
      <subfield code="a">DE-Frei164</subfield>
    </datafield>
    <datafield tag="859" ind1="0" ind2="0">
      <subfield code="8">1.1\x</subfield>
      <subfield code="a">17</subfield>
      <subfield code="i">1912</subfield>
    </datafield>
    <datafield tag="859" ind1="1" ind2="0">
      <subfield code="8">1.2\x</subfield>
      <subfield code="a">19</subfield>
      <subfield code="i">1938</subfield>
    </datafield>
    <datafield tag="859" ind1="0" ind2="0">
      <subfield code="8">2.1\x</subfield>
      <subfield code="a">22</subfield>
      <subfield code="i">1991</subfield>
    </datafield>
    <datafield tag="866" ind1="3" ind2="0">
      <subfield code="a">17.1912 - 19.1938; 22.1991,3</subfield>
    </datafield>
    <datafield tag="933" ind1=" " ind2=" ">
      <subfield code="a">CC0</subfield>
    </datafield>
  </record>
  <record type="Holdings">
    <leader>00000ny  a22000003n 4500</leader>
    <controlfield tag="001">414679806</controlfield>
    <controlfield tag="003">DE-101</controlfield>
    <controlfield tag="005">20170814170756.0</controlfield>
    <controlfield tag="008">170804||||||||||||||||ger|||||||</controlfield>
    <datafield tag="035" ind1=" " ind2=" ">
      <subfield code="a">(DE-603)1005388784</subfield>
    </datafield>
    <datafield tag="092" ind1=" " ind2=" ">
      <subfield code="a">608042-X</subfield>
      <subfield code="d">F 42</subfield>
      <subfield code="k">HES</subfield>
      <subfield code="l">a</subfield>
      <subfield code="o">c</subfield>
    </datafield>
    <datafield tag="852" ind1=" " ind2=" ">
      <subfield code="8">1</subfield>
    </datafield>
    <datafield tag="852" ind1=" " ind2="1">
      <subfield code="c">Vbg Co III 34</subfield>
      <subfield code="9">00</subfield>
    </datafield>
    <datafield tag="852" ind1=" " ind2=" ">
      <subfield code="a">DE-F42</subfield>
    </datafield>
    <datafield tag="859" ind1="0" ind2="0">
      <subfield code="8">1.1\x</subfield>
      <subfield code="a">13</subfield>
      <subfield code="i">1894</subfield>
    </datafield>
    <datafield tag="859" ind1="1" ind2="0">
      <subfield code="8">1.2\x</subfield>
      <subfield code="a">17</subfield>
      <subfield code="i">1912</subfield>
    </datafield>
    <datafield tag="866" ind1="3" ind2="0">
      <subfield code="a">13.1894 - 17.1912</subfield>
    </datafield>
    <datafield tag="866" ind1=" " ind2="0">
      <subfield code="z">Bestand Valkenburg</subfield>
    </datafield>
    <datafield tag="933" ind1=" " ind2=" ">
      <subfield code="a">CC0</subfield>
    </datafield>
  </record>
  <record type="Holdings">
    <leader>00000ny  a22000003n 4500</leader>
    <controlfield tag="001">424900173</controlfield>
    <controlfield tag="003">DE-101</controlfield>
    <controlfield tag="005">20171113170401.0</controlfield>
    <controlfield tag="008">171110||||||||||||||||ger|||||||</controlfield>
    <datafield tag="035" ind1=" " ind2=" ">
      <subfield code="a">(DE-603)1011508214</subfield>
    </datafield>
    <datafield tag="092" ind1=" " ind2=" ">
      <subfield code="a">628002-X</subfield>
      <subfield code="d">Wi 1</subfield>
      <subfield code="k">HES</subfield>
      <subfield code="l">b</subfield>
      <subfield code="o">d</subfield>
    </datafield>
    <datafield tag="852" ind1=" " ind2=" ">
      <subfield code="8">1</subfield>
    </datafield>
    <datafield tag="852" ind1=" " ind2="1">
      <subfield code="c">X 794</subfield>
      <subfield code="9">00</subfield>
    </datafield>
    <datafield tag="852" ind1=" " ind2=" ">
      <subfield code="a">DE-Wi1</subfield>
    </datafield>
    <datafield tag="859" ind1="0" ind2="0">
      <subfield code="8">1.1\x</subfield>
      <subfield code="a">20</subfield>
      <subfield code="i">1952</subfield>
    </datafield>
    <datafield tag="866" ind1="3" ind2="0">
      <subfield code="a">20.1952</subfield>
    </datafield>
    <datafield tag="933" ind1=" " ind2=" ">
      <subfield code="a">CC0</subfield>
    </datafield>
  </record>
  <record type="Holdings">
    <leader>00000ny  a22000003n 4500</leader>
    <controlfield tag="001">77043763X</controlfield>
    <controlfield tag="003">DE-101</controlfield>
    <controlfield tag="005">20220418170048.0</controlfield>
    <controlfield tag="008">220412||||||||||||||||ger|||||||</controlfield>
    <datafield tag="035" ind1=" " ind2=" ">
      <subfield code="a">(DE-603)1191385868</subfield>
    </datafield>
    <datafield tag="092" ind1=" " ind2=" ">
      <subfield code="a">608042-X</subfield>
      <subfield code="d">F 42</subfield>
      <subfield code="k">HES</subfield>
      <subfield code="l">a</subfield>
      <subfield code="o">c</subfield>
    </datafield>
    <datafield tag="852" ind1=" " ind2=" ">
      <subfield code="8">2</subfield>
    </datafield>
    <datafield tag="852" ind1=" " ind2="1">
      <subfield code="c">22 A 649</subfield>
      <subfield code="9">00</subfield>
    </datafield>
    <datafield tag="852" ind1=" " ind2=" ">
      <subfield code="a">DE-F42</subfield>
    </datafield>
    <datafield tag="859" ind1="0" ind2="0">
      <subfield code="8">1.1\x</subfield>
      <subfield code="a">22</subfield>
      <subfield code="i">1991</subfield>
    </datafield>
    <datafield tag="866" ind1="3" ind2="0">
      <subfield code="a">22.1991,3</subfield>
    </datafield>
    <datafield tag="933" ind1=" " ind2=" ">
      <subfield code="a">CC0</subfield>
    </datafield>
  </record>
  <record type="Holdings">
    <leader>00000ny  a22000003n 4500</leader>
    <controlfield tag="001">078002893</controlfield>
    <controlfield tag="003">DE-101</controlfield>
    <controlfield tag="005">20040521122031.0</controlfield>
    <controlfield tag="008">020416||||||||||||||||ger|||||||</controlfield>
    <datafield tag="035" ind1=" " ind2=" ">
      <subfield code="a">(DE-603)170186288</subfield>
    </datafield>
    <datafield tag="092" ind1=" " ind2=" ">
      <subfield code="a">655000-9</subfield>
      <subfield code="d">36</subfield>
      <subfield code="k">HES</subfield>
      <subfield code="l">a</subfield>
      <subfield code="o">c</subfield>
    </datafield>
    <datafield tag="852" ind1=" " ind2=" ">
      <subfield code="8">1</subfield>
    </datafield>
    <datafield tag="852" ind1=" " ind2="1">
      <subfield code="c">5/5652</subfield>
      <subfield code="9">00</subfield>
    </datafield>
    <datafield tag="852" ind1=" " ind2=" ">
      <subfield code="a">DE-36</subfield>
    </datafield>
    <datafield tag="859" ind1="0" ind2="0">
      <subfield code="8">1.1\x</subfield>
      <subfield code="a">21</subfield>
      <subfield code="i">1960</subfield>
    </datafield>
    <datafield tag="866" ind1="3" ind2="0">
      <subfield code="a">21.1960</subfield>
    </datafield>
    <datafield tag="933" ind1=" " ind2=" ">
      <subfield code="a">CC0</subfield>
    </datafield>
  </record>
  <record type="Holdings">
    <leader>00000ny  a22000003n 4500</leader>
    <controlfield tag="001">017881463</controlfield>
    <controlfield tag="003">DE-101</controlfield>
    <controlfield tag="005">20231018183422.0</controlfield>
    <controlfield tag="008">991205||||||||||||||||ger|||||||</controlfield>
    <datafield tag="035" ind1=" " ind2=" ">
      <subfield code="a">(DE-600)771638-2</subfield>
    </datafield>
    <datafield tag="035" ind1=" " ind2=" ">
      <subfield code="a">(DE-605)22289798340006476</subfield>
    </datafield>
    <datafield tag="092" ind1=" " ind2=" ">
      <subfield code="a">501000-7</subfield>
      <subfield code="d">38</subfield>
      <subfield code="k">NRW</subfield>
      <subfield code="l">a</subfield>
      <subfield code="o">c</subfield>
    </datafield>
    <datafield tag="852" ind1=" " ind2=" ">
      <subfield code="8">1</subfield>
    </datafield>
    <datafield tag="852" ind1=" " ind2="1">
      <subfield code="c">RHT217</subfield>
      <subfield code="9">00</subfield>
    </datafield>
    <datafield tag="852" ind1=" " ind2=" ">
      <subfield code="a">DE-38</subfield>
    </datafield>
    <datafield tag="859" ind1="0" ind2="0">
      <subfield code="8">1.1\x</subfield>
      <subfield code="a">13</subfield>
      <subfield code="i">1894</subfield>
    </datafield>
    <datafield tag="859" ind1="1" ind2="0">
      <subfield code="8">1.2\x</subfield>
      <subfield code="a">21</subfield>
      <subfield code="i">1960</subfield>
    </datafield>
    <datafield tag="866" ind1="3" ind2="0">
      <subfield code="a">13.1894 - 21.1960</subfield>
    </datafield>
    <datafield tag="866" ind1="3" ind2="0">
      <subfield code="z">[N=18.1899]</subfield>
    </datafield>
    <datafield tag="933" ind1=" " ind2=" ">
      <subfield code="a">CC0</subfield>
    </datafield>
  </record>
  <record type="Holdings">
    <leader>00000ny  a22000003n 4500</leader>
    <controlfield tag="001">057105820</controlfield>
    <controlfield tag="003">DE-101</controlfield>
    <controlfield tag="005">20240122170124.0</controlfield>
    <controlfield tag="008">981021||||||||||||||||ger|||||||</controlfield>
    <datafield tag="035" ind1=" " ind2=" ">
      <subfield code="a">(DE-603)070310998</subfield>
    </datafield>
    <datafield tag="092" ind1=" " ind2=" ">
      <subfield code="a">651000-0</subfield>
      <subfield code="d">77</subfield>
      <subfield code="k">HES</subfield>
      <subfield code="l">a</subfield>
      <subfield code="o">c</subfield>
    </datafield>
    <datafield tag="852" ind1=" " ind2=" ">
      <subfield code="8">1</subfield>
    </datafield>
    <datafield tag="852" ind1=" " ind2="1">
      <subfield code="c">ZB 400</subfield>
      <subfield code="=">l</subfield>
      <subfield code="9">00</subfield>
    </datafield>
    <datafield tag="852" ind1=" " ind2="2">
      <subfield code="b">MAG</subfield>
      <subfield code="9">09</subfield>
    </datafield>
    <datafield tag="852" ind1=" " ind2=" ">
      <subfield code="a">DE-77</subfield>
    </datafield>
    <datafield tag="859" ind1="0" ind2="0">
      <subfield code="8">1.1\x</subfield>
      <subfield code="a">13</subfield>
      <subfield code="i">1894</subfield>
    </datafield>
    <datafield tag="859" ind1="0" ind2="0">
      <subfield code="8">2.1\x</subfield>
      <subfield code="a">15</subfield>
      <subfield code="i">1901</subfield>
    </datafield>
    <datafield tag="859" ind1="1" ind2="0">
      <subfield code="8">2.2\x</subfield>
      <subfield code="a">21</subfield>
      <subfield code="i">1960</subfield>
    </datafield>
    <datafield tag="866" ind1="3" ind2="0">
      <subfield code="a">13.1894; 15.1901 - 21.1960</subfield>
    </datafield>
    <datafield tag="933" ind1=" " ind2=" ">
      <subfield code="a">CC0</subfield>
    </datafield>
  </record>
  <record type="Holdings">
    <leader>00000ny  a22000003n 4500</leader>
    <controlfield tag="001">118940848</controlfield>
    <controlfield tag="003">DE-101</controlfield>
    <controlfield tag="005">20060810174009.0</controlfield>
    <controlfield tag="008">060803||||||||||||||||ger|||||||</controlfield>
    <datafield tag="035" ind1=" " ind2=" ">
      <subfield code="a">(DE-603)433761644</subfield>
    </datafield>
    <datafield tag="092" ind1=" " ind2=" ">
      <subfield code="a">658005-1</subfield>
      <subfield code="d">Mz 5</subfield>
      <subfield code="k">HES</subfield>
      <subfield code="l">b</subfield>
      <subfield code="o">d</subfield>
    </datafield>
    <datafield tag="852" ind1=" " ind2=" ">
      <subfield code="8">1</subfield>
    </datafield>
    <datafield tag="852" ind1=" " ind2="1">
      <subfield code="c">Yd 800</subfield>
      <subfield code="9">00</subfield>
    </datafield>
    <datafield tag="852" ind1=" " ind2="2">
      <subfield code="b">IEG/1</subfield>
      <subfield code="9">09</subfield>
    </datafield>
    <datafield tag="852" ind1=" " ind2=" ">
      <subfield code="a">DE-Mz5</subfield>
    </datafield>
    <datafield tag="859" ind1="0" ind2="0">
      <subfield code="8">1.1\x</subfield>
      <subfield code="a">20</subfield>
      <subfield code="i">1952</subfield>
    </datafield>
    <datafield tag="866" ind1="3" ind2="0">
      <subfield code="a">20.1952</subfield>
    </datafield>
    <datafield tag="933" ind1=" " ind2=" ">
      <subfield code="a">CC0</subfield>
    </datafield>
  </record>
  <record type="Holdings">
    <leader>00000ny  a22000003n 4500</leader>
    <controlfield tag="001">01788148X</controlfield>
    <controlfield tag="003">DE-101</controlfield>
    <controlfield tag="005">20030728224005.0</controlfield>
    <controlfield tag="008">991205||||||||||||||||ger|||||||</controlfield>
    <datafield tag="035" ind1=" " ind2=" ">
      <subfield code="a">(DE-600)771646-1</subfield>
    </datafield>
    <datafield tag="092" ind1=" " ind2=" ">
      <subfield code="a">670100-0</subfield>
      <subfield code="d">107</subfield>
      <subfield code="k">NRW</subfield>
      <subfield code="l">a</subfield>
      <subfield code="o">c</subfield>
    </datafield>
    <datafield tag="852" ind1=" " ind2=" ">
      <subfield code="8">1</subfield>
    </datafield>
    <datafield tag="852" ind1=" " ind2="1">
      <subfield code="c">G 35.945</subfield>
      <subfield code="9">00</subfield>
    </datafield>
    <datafield tag="852" ind1=" " ind2=" ">
      <subfield code="a">DE-107</subfield>
    </datafield>
    <datafield tag="859" ind1="0" ind2="0">
      <subfield code="8">1.1\x</subfield>
      <subfield code="i">1900</subfield>
    </datafield>
    <datafield tag="859" ind1="0" ind2="0">
      <subfield code="8">2.1\x</subfield>
      <subfield code="i">1952</subfield>
    </datafield>
    <datafield tag="859" ind1="1" ind2="0">
      <subfield code="8">2.2\x</subfield>
      <subfield code="i">1960</subfield>
    </datafield>
    <datafield tag="866" ind1="3" ind2="0">
      <subfield code="a">1900; 1952 - 1960</subfield>
    </datafield>
    <datafield tag="933" ind1=" " ind2=" ">
      <subfield code="a">CC0</subfield>
    </datafield>
  </record>
  <record type="Holdings">
    <leader>00000ny  a22000003n 4500</leader>
    <controlfield tag="001">017881498</controlfield>
    <controlfield tag="003">DE-101</controlfield>
    <controlfield tag="005">20030728224005.0</controlfield>
    <controlfield tag="008">991205||||||||||||||||ger|||||||</controlfield>
    <datafield tag="035" ind1=" " ind2=" ">
      <subfield code="a">(DE-600)771643-6</subfield>
    </datafield>
    <datafield tag="092" ind1=" " ind2=" ">
      <subfield code="a">661000-6</subfield>
      <subfield code="d">291</subfield>
      <subfield code="k">BAW</subfield>
      <subfield code="l">a</subfield>
      <subfield code="o">c</subfield>
    </datafield>
    <datafield tag="852" ind1=" " ind2=" ">
      <subfield code="8">1</subfield>
    </datafield>
    <datafield tag="852" ind1=" " ind2="1">
      <subfield code="c">Z 1129</subfield>
      <subfield code="9">00</subfield>
    </datafield>
    <datafield tag="852" ind1=" " ind2=" ">
      <subfield code="a">DE-291</subfield>
    </datafield>
    <datafield tag="859" ind1="0" ind2="0">
      <subfield code="8">1.1\x</subfield>
      <subfield code="a">15</subfield>
      <subfield code="i">1901</subfield>
    </datafield>
    <datafield tag="859" ind1="0" ind2="0">
      <subfield code="8">2.1\x</subfield>
      <subfield code="a">19</subfield>
      <subfield code="i">1938</subfield>
    </datafield>
    <datafield tag="859" ind1="0" ind2="0">
      <subfield code="8">3.1\x</subfield>
      <subfield code="a">21</subfield>
      <subfield code="i">1960</subfield>
    </datafield>
    <datafield tag="866" ind1="3" ind2="0">
      <subfield code="a">15.1901; 19.1938; 21.1960</subfield>
    </datafield>
    <datafield tag="933" ind1=" " ind2=" ">
      <subfield code="a">CC0</subfield>
    </datafield>
  </record>
  <record type="Holdings">
    <leader>00000ny  a22000003n 4500</leader>
    <controlfield tag="001">017881501</controlfield>
    <controlfield tag="003">DE-101</controlfield>
    <controlfield tag="005">20030728224005.0</controlfield>
    <controlfield tag="008">991205||||||||||||||||ger|||||||</controlfield>
    <datafield tag="035" ind1=" " ind2=" ">
      <subfield code="a">(DE-600)4695424-7</subfield>
    </datafield>
    <datafield tag="092" ind1=" " ind2=" ">
      <subfield code="a">661313-5</subfield>
      <subfield code="d">291/313</subfield>
      <subfield code="k">BAW</subfield>
      <subfield code="l">b</subfield>
      <subfield code="o">d</subfield>
    </datafield>
    <datafield tag="852" ind1=" " ind2=" ">
      <subfield code="8">1</subfield>
    </datafield>
    <datafield tag="852" ind1=" " ind2="1">
      <subfield code="c">L IV c 640</subfield>
      <subfield code="9">00</subfield>
    </datafield>
    <datafield tag="852" ind1=" " ind2=" ">
      <subfield code="a">DE-291-313</subfield>
    </datafield>
    <datafield tag="859" ind1="0" ind2="0">
      <subfield code="8">1.1\x</subfield>
      <subfield code="a">14</subfield>
      <subfield code="i">1897</subfield>
    </datafield>
    <datafield tag="859" ind1="0" ind2="0">
      <subfield code="8">2.1\x</subfield>
      <subfield code="a">17</subfield>
      <subfield code="i">1912</subfield>
    </datafield>
    <datafield tag="859" ind1="0" ind2="0">
      <subfield code="8">3.1\x</subfield>
      <subfield code="a">19</subfield>
      <subfield code="i">1938</subfield>
    </datafield>
    <datafield tag="859" ind1="0" ind2="0">
      <subfield code="8">4.1\x</subfield>
      <subfield code="a">20</subfield>
      <subfield code="i">1952</subfield>
    </datafield>
    <datafield tag="866" ind1="3" ind2="0">
      <subfield code="a">14.1897; 17.1912; 19.1938; 20.1952</subfield>
    </datafield>
    <datafield tag="933" ind1=" " ind2=" ">
      <subfield code="a">CC0</subfield>
    </datafield>
  </record>
  <record type="Holdings">
    <leader>00000ny  a22000003n 4500</leader>
    <controlfield tag="001">01788151X</controlfield>
    <controlfield tag="003">DE-101</controlfield>
    <controlfield tag="005">20030728224005.0</controlfield>
    <controlfield tag="008">991205||||||||||||||||ger|||||||</controlfield>
    <datafield tag="035" ind1=" " ind2=" ">
      <subfield code="a">(DE-600)771644-8</subfield>
    </datafield>
    <datafield tag="092" ind1=" " ind2=" ">
      <subfield code="a">661350-0</subfield>
      <subfield code="d">291/350</subfield>
      <subfield code="k">BAW</subfield>
      <subfield code="l">b</subfield>
      <subfield code="o">d</subfield>
    </datafield>
    <datafield tag="852" ind1=" " ind2=" ">
      <subfield code="8">1</subfield>
    </datafield>
    <datafield tag="852" ind1=" " ind2=" ">
      <subfield code="a">DE-291-350</subfield>
    </datafield>
    <datafield tag="859" ind1="0" ind2="0">
      <subfield code="8">1.1\x</subfield>
      <subfield code="a">21</subfield>
      <subfield code="i">1960</subfield>
    </datafield>
    <datafield tag="866" ind1="3" ind2="0">
      <subfield code="a">21.1960</subfield>
    </datafield>
    <datafield tag="933" ind1=" " ind2=" ">
      <subfield code="a">CC0</subfield>
    </datafield>
  </record>
  <record type="Holdings">
    <leader>00000ny  a22000003n 4500</leader>
    <controlfield tag="001">017881528</controlfield>
    <controlfield tag="003">DE-101</controlfield>
    <controlfield tag="005">20111013150859.0</controlfield>
    <controlfield tag="008">991205||||||||||||||||ger|||||||</controlfield>
    <datafield tag="035" ind1=" " ind2=" ">
      <subfield code="a">(DE-600)771645-x</subfield>
    </datafield>
    <datafield tag="092" ind1=" " ind2=" ">
      <subfield code="a">665000-4</subfield>
      <subfield code="d">178</subfield>
      <subfield code="k">BAW</subfield>
      <subfield code="l">a</subfield>
      <subfield code="o">c</subfield>
    </datafield>
    <datafield tag="852" ind1=" " ind2=" ">
      <subfield code="8">1</subfield>
    </datafield>
    <datafield tag="852" ind1=" " ind2="1">
      <subfield code="c">Dz 310</subfield>
      <subfield code="9">00</subfield>
    </datafield>
    <datafield tag="852" ind1=" " ind2=" ">
      <subfield code="a">DE-178</subfield>
    </datafield>
    <datafield tag="859" ind1="0" ind2="0">
      <subfield code="8">1.1\x</subfield>
      <subfield code="a">13</subfield>
      <subfield code="i">1894</subfield>
    </datafield>
    <datafield tag="859" ind1="0" ind2="0">
      <subfield code="8">2.1\x</subfield>
      <subfield code="a">21</subfield>
      <subfield code="i">1960</subfield>
    </datafield>
    <datafield tag="866" ind1="3" ind2="0">
      <subfield code="a">13.1894; 21.1960</subfield>
    </datafield>
    <datafield tag="933" ind1=" " ind2=" ">
      <subfield code="a">CC0</subfield>
    </datafield>
  </record>
  <record type="Holdings">
    <leader>00000ny  a22000003n 4500</leader>
    <controlfield tag="001">215101936</controlfield>
    <controlfield tag="003">DE-101</controlfield>
    <controlfield tag="005">20111013151019.0</controlfield>
    <controlfield tag="008">111013||||||||||||||||ger|||||||</controlfield>
    <datafield tag="092" ind1=" " ind2=" ">
      <subfield code="a">665000-4</subfield>
      <subfield code="d">178</subfield>
      <subfield code="k">BAW</subfield>
      <subfield code="l">a</subfield>
      <subfield code="o">c</subfield>
    </datafield>
    <datafield tag="852" ind1=" " ind2=" ">
      <subfield code="8">2</subfield>
    </datafield>
    <datafield tag="852" ind1=" " ind2="1">
      <subfield code="c">Dke Diöze</subfield>
      <subfield code="9">00</subfield>
    </datafield>
    <datafield tag="852" ind1=" " ind2=" ">
      <subfield code="a">DE-178</subfield>
    </datafield>
    <datafield tag="859" ind1="0" ind2="0">
      <subfield code="8">1.1\x</subfield>
      <subfield code="a">20</subfield>
      <subfield code="i">1952</subfield>
    </datafield>
    <datafield tag="859" ind1="1" ind2="0">
      <subfield code="8">1.2\x</subfield>
      <subfield code="a">21</subfield>
      <subfield code="i">1960</subfield>
    </datafield>
    <datafield tag="859" ind1="0" ind2="0">
      <subfield code="8">2.1\x</subfield>
      <subfield code="a">22</subfield>
      <subfield code="i">1991</subfield>
    </datafield>
    <datafield tag="866" ind1="3" ind2="0">
      <subfield code="a">20.1952 - 21.1960; 22.1991</subfield>
    </datafield>
    <datafield tag="933" ind1=" " ind2=" ">
      <subfield code="a">CC0</subfield>
    </datafield>
  </record>
  <record type="Holdings">
    <leader>00000ny  a22000003n 4500</leader>
    <controlfield tag="001">386381542</controlfield>
    <controlfield tag="003">DE-101</controlfield>
    <controlfield tag="005">20161109074111.0</controlfield>
    <controlfield tag="008">161109||||||||||||||||ger|||||||</controlfield>
    <datafield tag="092" ind1=" " ind2=" ">
      <subfield code="a">848005-9</subfield>
      <subfield code="d">Re 5</subfield>
      <subfield code="k">BAY</subfield>
      <subfield code="l">b</subfield>
      <subfield code="o">d</subfield>
    </datafield>
    <datafield tag="852" ind1=" " ind2=" ">
      <subfield code="8">49995 A</subfield>
    </datafield>
    <datafield tag="852" ind1=" " ind2="0">
      <subfield code="=">n</subfield>
      <subfield code="9">00</subfield>
    </datafield>
    <datafield tag="852" ind1=" " ind2="2">
      <subfield code="b">9995</subfield>
      <subfield code="c">9995/Schem. Trier</subfield>
      <subfield code="9">09</subfield>
    </datafield>
    <datafield tag="852" ind1=" " ind2=" ">
      <subfield code="a">DE-Re5</subfield>
    </datafield>
    <datafield tag="859" ind1="0" ind2="0">
      <subfield code="8">1.1\x</subfield>
      <subfield code="i">1894</subfield>
    </datafield>
    <datafield tag="859" ind1="0" ind2="0">
      <subfield code="8">2.1\x</subfield>
      <subfield code="i">1897</subfield>
    </datafield>
    <datafield tag="859" ind1="0" ind2="0">
      <subfield code="8">3.1\x</subfield>
      <subfield code="i">1901</subfield>
    </datafield>
    <datafield tag="859" ind1="0" ind2="0">
      <subfield code="8">4.1\x</subfield>
      <subfield code="i">1906</subfield>
    </datafield>
    <datafield tag="859" ind1="0" ind2="0">
      <subfield code="8">5.1\x</subfield>
      <subfield code="i">1912</subfield>
    </datafield>
    <datafield tag="859" ind1="0" ind2="0">
      <subfield code="8">6.1\x</subfield>
      <subfield code="i">1922</subfield>
    </datafield>
    <datafield tag="859" ind1="0" ind2="0">
      <subfield code="8">7.1\x</subfield>
      <subfield code="i">1927</subfield>
    </datafield>
    <datafield tag="866" ind1="3" ind2="0">
      <subfield code="a">1894; 1897; 1901; 1906; 1912; 1922; 1927</subfield>
    </datafield>
    <datafield tag="933" ind1=" " ind2=" ">
      <subfield code="a">CC0</subfield>
    </datafield>
  </record>
  <record type="Holdings">
    <leader>00000ny  a22000003n 4500</leader>
    <controlfield tag="001">079003966</controlfield>
    <controlfield tag="003">DE-101</controlfield>
    <controlfield tag="005">20041007062250.0</controlfield>
    <controlfield tag="008">020611||||||||||||||||ger|||||||</controlfield>
    <datafield tag="035" ind1=" " ind2=" ">
      <subfield code="a">(DE-604)8008034545263</subfield>
    </datafield>
    <datafield tag="092" ind1=" " ind2=" ">
      <subfield code="a">891001-7</subfield>
      <subfield code="d">384</subfield>
      <subfield code="k">BAY</subfield>
      <subfield code="l">a</subfield>
      <subfield code="o">c</subfield>
    </datafield>
    <datafield tag="852" ind1=" " ind2=" ">
      <subfield code="8">201      A</subfield>
    </datafield>
    <datafield tag="852" ind1=" " ind2="0">
      <subfield code="=">l</subfield>
      <subfield code="9">00</subfield>
    </datafield>
    <datafield tag="852" ind1=" " ind2="2">
      <subfield code="b">01</subfield>
      <subfield code="c">01/BO 1140 T826</subfield>
      <subfield code="9">09</subfield>
    </datafield>
    <datafield tag="852" ind1=" " ind2=" ">
      <subfield code="a">DE-384</subfield>
    </datafield>
    <datafield tag="859" ind1="0" ind2="0">
      <subfield code="8">1.1\x</subfield>
      <subfield code="a">19</subfield>
      <subfield code="i">1938</subfield>
    </datafield>
    <datafield tag="859" ind1="0" ind2="0">
      <subfield code="8">2.1\x</subfield>
      <subfield code="a">21</subfield>
      <subfield code="i">1960</subfield>
    </datafield>
    <datafield tag="866" ind1="3" ind2="0">
      <subfield code="a">19 (1938); 21 (1960)</subfield>
    </datafield>
    <datafield tag="933" ind1=" " ind2=" ">
      <subfield code="a">CC0</subfield>
    </datafield>
  </record>
  <record type="Holdings">
    <leader>00000ny  a22000003n 4500</leader>
    <controlfield tag="001">017881536</controlfield>
    <controlfield tag="003">DE-101</controlfield>
    <controlfield tag="005">20161111215542.0</controlfield>
    <controlfield tag="008">991205||||||||||||||||ger|||||||</controlfield>
    <datafield tag="035" ind1=" " ind2=" ">
      <subfield code="a">(DE-600)771640-0</subfield>
    </datafield>
    <datafield tag="092" ind1=" " ind2=" ">
      <subfield code="a">558002-X</subfield>
      <subfield code="d">Tr 2</subfield>
      <subfield code="k">NRW</subfield>
      <subfield code="l">a</subfield>
      <subfield code="o">b</subfield>
    </datafield>
    <datafield tag="852" ind1=" " ind2=" ">
      <subfield code="8">1</subfield>
    </datafield>
    <datafield tag="852" ind1=" " ind2="1">
      <subfield code="c">V 3242</subfield>
      <subfield code="9">00</subfield>
    </datafield>
    <datafield tag="852" ind1=" " ind2=" ">
      <subfield code="a">DE-Tr2</subfield>
    </datafield>
    <datafield tag="859" ind1="0" ind2="1">
      <subfield code="8">1.1\x</subfield>
      <subfield code="a">13</subfield>
      <subfield code="i">1894</subfield>
    </datafield>
    <datafield tag="866" ind1="3" ind2="0">
      <subfield code="a">13.1894 -</subfield>
    </datafield>
    <datafield tag="933" ind1=" " ind2=" ">
      <subfield code="a">CC0</subfield>
    </datafield>
  </record>
  <record type="Holdings">
    <leader>00000ny  a22000003n 4500</leader>
    <controlfield tag="001">317204904</controlfield>
    <controlfield tag="003">DE-101</controlfield>
    <controlfield tag="005">20161111215542.0</controlfield>
    <controlfield tag="008">150304||||||||||||||||ger|||||||</controlfield>
    <datafield tag="092" ind1=" " ind2=" ">
      <subfield code="a">558002-X</subfield>
      <subfield code="d">Tr 2</subfield>
      <subfield code="k">NRW</subfield>
      <subfield code="l">a</subfield>
      <subfield code="o">b</subfield>
    </datafield>
    <datafield tag="852" ind1=" " ind2=" ">
      <subfield code="8">2</subfield>
    </datafield>
    <datafield tag="852" ind1=" " ind2="1">
      <subfield code="c">Kat XXV 221</subfield>
      <subfield code="9">00</subfield>
    </datafield>
    <datafield tag="852" ind1=" " ind2=" ">
      <subfield code="a">DE-Tr2</subfield>
    </datafield>
    <datafield tag="859" ind1="0" ind2="0">
      <subfield code="8">1.1\x</subfield>
      <subfield code="a">20</subfield>
      <subfield code="i">1952</subfield>
    </datafield>
    <datafield tag="859" ind1="1" ind2="0">
      <subfield code="8">1.2\x</subfield>
      <subfield code="a">22/B1991</subfield>
    </datafield>
    <datafield tag="866" ind1="3" ind2="0">
      <subfield code="a">20.1952; 22.1991</subfield>
    </datafield>
    <datafield tag="933" ind1=" " ind2=" ">
      <subfield code="a">CC0</subfield>
    </datafield>
  </record>
  <record type="Holdings">
    <leader>00000ny  a22000003n 4500</leader>
    <controlfield tag="001">363109218</controlfield>
    <controlfield tag="003">DE-101</controlfield>
    <controlfield tag="005">20161111215542.0</controlfield>
    <controlfield tag="008">160511||||||||||||||||ger|||||||</controlfield>
    <datafield tag="092" ind1=" " ind2=" ">
      <subfield code="a">558002-X</subfield>
      <subfield code="d">Tr 2</subfield>
      <subfield code="k">NRW</subfield>
      <subfield code="l">a</subfield>
      <subfield code="o">b</subfield>
    </datafield>
    <datafield tag="852" ind1=" " ind2=" ">
      <subfield code="8">3</subfield>
    </datafield>
    <datafield tag="852" ind1=" " ind2="1">
      <subfield code="c">RON V 163</subfield>
      <subfield code="9">00</subfield>
    </datafield>
    <datafield tag="852" ind1=" " ind2=" ">
      <subfield code="a">DE-Tr2</subfield>
    </datafield>
    <datafield tag="859" ind1="0" ind2="0">
      <subfield code="8">1.1\x</subfield>
      <subfield code="a">19</subfield>
      <subfield code="i">1938</subfield>
    </datafield>
    <datafield tag="859" ind1="1" ind2="0">
      <subfield code="8">1.2\x</subfield>
      <subfield code="a">21/B1960</subfield>
    </datafield>
    <datafield tag="866" ind1="3" ind2="0">
      <subfield code="a">19.1938 - 21.1960</subfield>
    </datafield>
    <datafield tag="933" ind1=" " ind2=" ">
      <subfield code="a">CC0</subfield>
    </datafield>
  </record>
  <record type="Holdings">
    <leader>00000ny  a22000003n 4500</leader>
    <controlfield tag="001">386662614</controlfield>
    <controlfield tag="003">DE-101</controlfield>
    <controlfield tag="005">20161111215542.0</controlfield>
    <controlfield tag="008">161111||||||||||||||||ger|||||||</controlfield>
    <datafield tag="092" ind1=" " ind2=" ">
      <subfield code="a">558002-X</subfield>
      <subfield code="d">Tr 2</subfield>
      <subfield code="k">NRW</subfield>
      <subfield code="l">a</subfield>
      <subfield code="o">b</subfield>
    </datafield>
    <datafield tag="852" ind1=" " ind2=" ">
      <subfield code="8">4</subfield>
    </datafield>
    <datafield tag="852" ind1=" " ind2="1">
      <subfield code="c">Ci 839</subfield>
      <subfield code="9">00</subfield>
    </datafield>
    <datafield tag="852" ind1=" " ind2=" ">
      <subfield code="a">DE-Tr2</subfield>
    </datafield>
    <datafield tag="859" ind1="0" ind2="0">
      <subfield code="8">1.1\x</subfield>
      <subfield code="a">20</subfield>
      <subfield code="i">1952</subfield>
    </datafield>
    <datafield tag="866" ind1="3" ind2="0">
      <subfield code="a">20.1952</subfield>
    </datafield>
    <datafield tag="933" ind1=" " ind2=" ">
      <subfield code="a">CC0</subfield>
    </datafield>
  </record>
  <record type="Holdings">
    <leader>00000ny  a22000003n 4500</leader>
    <controlfield tag="001">017881544</controlfield>
    <controlfield tag="003">DE-101</controlfield>
    <controlfield tag="005">20161111215542.0</controlfield>
    <controlfield tag="008">991205||||||||||||||||ger|||||||</controlfield>
    <datafield tag="035" ind1=" " ind2=" ">
      <subfield code="a">(DE-600)771641-2</subfield>
    </datafield>
    <datafield tag="092" ind1=" " ind2=" ">
      <subfield code="a">558121-7</subfield>
      <subfield code="d">121</subfield>
      <subfield code="k">NRW</subfield>
      <subfield code="l">a</subfield>
      <subfield code="o">b</subfield>
    </datafield>
    <datafield tag="852" ind1=" " ind2=" ">
      <subfield code="8">1</subfield>
    </datafield>
    <datafield tag="852" ind1=" " ind2="1">
      <subfield code="c">Z 104</subfield>
      <subfield code="9">00</subfield>
    </datafield>
    <datafield tag="852" ind1=" " ind2=" ">
      <subfield code="a">DE-121</subfield>
    </datafield>
    <datafield tag="859" ind1="0" ind2="0">
      <subfield code="8">1.1\x</subfield>
      <subfield code="i">1894</subfield>
    </datafield>
    <datafield tag="859" ind1="1" ind2="0">
      <subfield code="8">1.2\x</subfield>
      <subfield code="a">21</subfield>
      <subfield code="i">1960</subfield>
    </datafield>
    <datafield tag="866" ind1="3" ind2="0">
      <subfield code="a">1894 - 21.1960</subfield>
    </datafield>
    <datafield tag="933" ind1=" " ind2=" ">
      <subfield code="a">CC0</subfield>
    </datafield>
  </record>
  <record type="Holdings">
    <leader>00000ny  a22000003n 4500</leader>
    <controlfield tag="001">094583528</controlfield>
    <controlfield tag="003">DE-101</controlfield>
    <controlfield tag="005">20041009052745.0</controlfield>
    <controlfield tag="008">040330||||||||||||||||ger|||||||</controlfield>
    <datafield tag="035" ind1=" " ind2=" ">
      <subfield code="a">(DE-604)8027028159012</subfield>
    </datafield>
    <datafield tag="092" ind1=" " ind2=" ">
      <subfield code="a">881000-X</subfield>
      <subfield code="d">824</subfield>
      <subfield code="k">BAY</subfield>
      <subfield code="l">a</subfield>
      <subfield code="o">c</subfield>
    </datafield>
    <datafield tag="852" ind1=" " ind2=" ">
      <subfield code="8">200      A</subfield>
    </datafield>
    <datafield tag="852" ind1=" " ind2="0">
      <subfield code="=">l</subfield>
      <subfield code="9">00</subfield>
    </datafield>
    <datafield tag="852" ind1=" " ind2="2">
      <subfield code="b">00</subfield>
      <subfield code="c">00/BO 1140 T826 H1</subfield>
      <subfield code="9">09</subfield>
    </datafield>
    <datafield tag="852" ind1=" " ind2=" ">
      <subfield code="a">DE-824</subfield>
    </datafield>
    <datafield tag="859" ind1="0" ind2="0">
      <subfield code="8">1.1\x</subfield>
      <subfield code="a">18</subfield>
      <subfield code="i">1927</subfield>
    </datafield>
    <datafield tag="866" ind1="3" ind2="0">
      <subfield code="a">18.1927</subfield>
    </datafield>
    <datafield tag="933" ind1=" " ind2=" ">
      <subfield code="a">CC0</subfield>
    </datafield>
  </record>
  <record type="Holdings">
    <leader>00000ny  a22000003n 4500</leader>
    <controlfield tag="001">09458351X</controlfield>
    <controlfield tag="003">DE-101</controlfield>
    <controlfield tag="005">20041009052745.0</controlfield>
    <controlfield tag="008">040330||||||||||||||||ger|||||||</controlfield>
    <datafield tag="035" ind1=" " ind2=" ">
      <subfield code="a">(DE-604)8027028158938</subfield>
    </datafield>
    <datafield tag="092" ind1=" " ind2=" ">
      <subfield code="a">881000-X</subfield>
      <subfield code="d">824</subfield>
      <subfield code="k">BAY</subfield>
      <subfield code="l">a</subfield>
      <subfield code="o">c</subfield>
    </datafield>
    <datafield tag="852" ind1=" " ind2=" ">
      <subfield code="8">233      A</subfield>
    </datafield>
    <datafield tag="852" ind1=" " ind2="0">
      <subfield code="=">l</subfield>
      <subfield code="9">00</subfield>
    </datafield>
    <datafield tag="852" ind1=" " ind2="2">
      <subfield code="b">33</subfield>
      <subfield code="c">33/BO 1140 T826 H1</subfield>
      <subfield code="9">09</subfield>
    </datafield>
    <datafield tag="852" ind1=" " ind2=" ">
      <subfield code="a">DE-824</subfield>
    </datafield>
    <datafield tag="859" ind1="0" ind2="0">
      <subfield code="8">1.1\x</subfield>
      <subfield code="a">18</subfield>
      <subfield code="i">1927</subfield>
    </datafield>
    <datafield tag="859" ind1="0" ind2="0">
      <subfield code="8">2.1\x</subfield>
      <subfield code="a">19</subfield>
      <subfield code="i">1938</subfield>
    </datafield>
    <datafield tag="866" ind1="3" ind2="0">
      <subfield code="a">18.1927; 19.1938</subfield>
    </datafield>
    <datafield tag="933" ind1=" " ind2=" ">
      <subfield code="a">CC0</subfield>
    </datafield>
  </record>
  <record type="Holdings">
    <leader>00000ny  a22000003n 4500</leader>
    <controlfield tag="001">07841704X</controlfield>
    <controlfield tag="003">DE-101</controlfield>
    <controlfield tag="005">20220323101519.0</controlfield>
    <controlfield tag="008">020627||||||||||||||||ger|||||||</controlfield>
    <datafield tag="092" ind1=" " ind2=" ">
      <subfield code="a">540100-8</subfield>
      <subfield code="d">929</subfield>
      <subfield code="k">NRW</subfield>
      <subfield code="l">a</subfield>
      <subfield code="o">c</subfield>
    </datafield>
    <datafield tag="852" ind1=" " ind2=" ">
      <subfield code="8">1</subfield>
    </datafield>
    <datafield tag="852" ind1=" " ind2="1">
      <subfield code="c">Z 3340</subfield>
      <subfield code="9">00</subfield>
    </datafield>
    <datafield tag="852" ind1=" " ind2=" ">
      <subfield code="a">DE-929</subfield>
    </datafield>
    <datafield tag="859" ind1="0" ind2="0">
      <subfield code="8">1.1\x</subfield>
      <subfield code="a">17</subfield>
      <subfield code="i">1912</subfield>
    </datafield>
    <datafield tag="859" ind1="0" ind2="0">
      <subfield code="8">2.1\x</subfield>
      <subfield code="a">19</subfield>
      <subfield code="i">1938</subfield>
    </datafield>
    <datafield tag="859" ind1="0" ind2="0">
      <subfield code="8">3.1\x</subfield>
      <subfield code="a">21</subfield>
      <subfield code="i">1960</subfield>
    </datafield>
    <datafield tag="866" ind1="3" ind2="0">
      <subfield code="a">17.1912; 19.1938; 21.1960</subfield>
    </datafield>
    <datafield tag="933" ind1=" " ind2=" ">
      <subfield code="a">CC0</subfield>
    </datafield>
  </record>
  <record type="Holdings">
    <leader>00000ny  a22000003n 4500</leader>
    <controlfield tag="001">017881552</controlfield>
    <controlfield tag="003">DE-101</controlfield>
    <controlfield tag="005">20050919160714.0</controlfield>
    <controlfield tag="008">991205||||||||||||||||ger|||||||</controlfield>
    <datafield tag="035" ind1=" " ind2=" ">
      <subfield code="a">(DE-600)2275881-1</subfield>
    </datafield>
    <datafield tag="092" ind1=" " ind2=" ">
      <subfield code="a">548022-X</subfield>
      <subfield code="d">Mch 1</subfield>
      <subfield code="k">NRW</subfield>
      <subfield code="l">a</subfield>
      <subfield code="o">c</subfield>
    </datafield>
    <datafield tag="852" ind1=" " ind2=" ">
      <subfield code="8">1</subfield>
    </datafield>
    <datafield tag="852" ind1=" " ind2="1">
      <subfield code="c">Z 886</subfield>
      <subfield code="9">00</subfield>
    </datafield>
    <datafield tag="852" ind1=" " ind2=" ">
      <subfield code="a">DE-Mch1</subfield>
    </datafield>
    <datafield tag="859" ind1="0" ind2="0">
      <subfield code="8">1.1\x</subfield>
      <subfield code="a">13</subfield>
      <subfield code="i">1894</subfield>
    </datafield>
    <datafield tag="859" ind1="1" ind2="0">
      <subfield code="8">1.2\x</subfield>
      <subfield code="a">21</subfield>
      <subfield code="i">1960</subfield>
    </datafield>
    <datafield tag="866" ind1="3" ind2="0">
      <subfield code="a">13.1894 - 21.1960</subfield>
    </datafield>
    <datafield tag="933" ind1=" " ind2=" ">
      <subfield code="a">CC0</subfield>
    </datafield>
  </record>
  <record type="Holdings">
    <leader>00000ny  a22000003n 4500</leader>
    <controlfield tag="001">017881579</controlfield>
    <controlfield tag="003">DE-101</controlfield>
    <controlfield tag="005">20030728224006.0</controlfield>
    <controlfield tag="008">991205||||||||||||||||ger|||||||</controlfield>
    <datafield tag="035" ind1=" " ind2=" ">
      <subfield code="a">(DE-600)771639-4</subfield>
    </datafield>
    <datafield tag="092" ind1=" " ind2=" ">
      <subfield code="a">508028-9</subfield>
      <subfield code="d">Kn 28</subfield>
      <subfield code="k">NRW</subfield>
      <subfield code="l">a</subfield>
      <subfield code="o">c</subfield>
    </datafield>
    <datafield tag="852" ind1=" " ind2=" ">
      <subfield code="8">1</subfield>
    </datafield>
    <datafield tag="852" ind1=" " ind2="1">
      <subfield code="c">Zc 659</subfield>
      <subfield code="9">00</subfield>
    </datafield>
    <datafield tag="852" ind1=" " ind2=" ">
      <subfield code="a">DE-Kn28</subfield>
    </datafield>
    <datafield tag="859" ind1="0" ind2="0">
      <subfield code="8">1.1\x</subfield>
      <subfield code="a">13</subfield>
      <subfield code="i">1894</subfield>
    </datafield>
    <datafield tag="859" ind1="1" ind2="0">
      <subfield code="8">1.2\x</subfield>
      <subfield code="a">16</subfield>
      <subfield code="i">1906</subfield>
    </datafield>
    <datafield tag="859" ind1="0" ind2="0">
      <subfield code="8">2.1\x</subfield>
      <subfield code="a">17</subfield>
      <subfield code="i">1912</subfield>
    </datafield>
    <datafield tag="859" ind1="1" ind2="0">
      <subfield code="8">2.2\x</subfield>
      <subfield code="a">21</subfield>
      <subfield code="i">1960</subfield>
    </datafield>
    <datafield tag="866" ind1="3" ind2="0">
      <subfield code="a">[13.]1894 - [16.]1906; 17.1912 - 21.1960</subfield>
    </datafield>
    <datafield tag="933" ind1=" " ind2=" ">
      <subfield code="a">CC0</subfield>
    </datafield>
  </record>
  <record type="Holdings">
    <leader>00000ny  a22000003n 4500</leader>
    <controlfield tag="001">723739439</controlfield>
    <controlfield tag="003">DE-101</controlfield>
    <controlfield tag="005">20210521091156.0</controlfield>
    <controlfield tag="008">210427||||||||||||||||ger|||||||</controlfield>
    <datafield tag="092" ind1=" " ind2=" ">
      <subfield code="a">518000-4</subfield>
      <subfield code="d">2187</subfield>
      <subfield code="k">NRW</subfield>
      <subfield code="l">b</subfield>
      <subfield code="o">d</subfield>
    </datafield>
    <datafield tag="852" ind1=" " ind2="1">
      <subfield code="c">(Einzelsign.)</subfield>
      <subfield code="=">n</subfield>
      <subfield code="9">00</subfield>
    </datafield>
    <datafield tag="852" ind1=" " ind2="2">
      <subfield code="b">Magazin</subfield>
      <subfield code="9">09</subfield>
    </datafield>
    <datafield tag="852" ind1=" " ind2=" ">
      <subfield code="a">DE-2187</subfield>
    </datafield>
    <datafield tag="859" ind1="0" ind2="0">
      <subfield code="8">1.1\x</subfield>
      <subfield code="a">13</subfield>
      <subfield code="i">1894</subfield>
    </datafield>
    <datafield tag="859" ind1="0" ind2="0">
      <subfield code="8">2.1\x</subfield>
      <subfield code="a">19</subfield>
      <subfield code="i">1938</subfield>
    </datafield>
    <datafield tag="859" ind1="1" ind2="0">
      <subfield code="8">2.2\x</subfield>
      <subfield code="a">22</subfield>
      <subfield code="i">1991</subfield>
    </datafield>
    <datafield tag="866" ind1="3" ind2="0">
      <subfield code="a">[13.]1894; [19.]1938 - [22.] 1991</subfield>
    </datafield>
  </record>
  <record type="Holdings">
    <leader>00000ny  a22000003n 4500</leader>
    <controlfield tag="001">376647841</controlfield>
    <controlfield tag="003">DE-101</controlfield>
    <controlfield tag="005">20230331160235.0</controlfield>
    <controlfield tag="008">160809||||||||||||||||ger|||||||</controlfield>
    <datafield tag="035" ind1=" " ind2=" ">
      <subfield code="a">(DE-605)2247518610006452</subfield>
    </datafield>
    <datafield tag="092" ind1=" " ind2=" ">
      <subfield code="a">528005-9</subfield>
      <subfield code="d">Sie 5</subfield>
      <subfield code="k">NRW</subfield>
      <subfield code="l">b</subfield>
      <subfield code="o">d</subfield>
    </datafield>
    <datafield tag="852" ind1=" " ind2="1">
      <subfield code="c">4172</subfield>
      <subfield code="=">n</subfield>
      <subfield code="9">00</subfield>
    </datafield>
    <datafield tag="852" ind1=" " ind2="2">
      <subfield code="b">Siegburg</subfield>
      <subfield code="c">82 = 4172</subfield>
      <subfield code="9">09</subfield>
    </datafield>
    <datafield tag="852" ind1=" " ind2=" ">
      <subfield code="a">DE-Sie5</subfield>
    </datafield>
    <datafield tag="859" ind1="0" ind2="0">
      <subfield code="8">1.1\x</subfield>
      <subfield code="a">19</subfield>
      <subfield code="i">1938</subfield>
    </datafield>
    <datafield tag="866" ind1="3" ind2="0">
      <subfield code="a">19.1938</subfield>
    </datafield>
    <datafield tag="933" ind1=" " ind2=" ">
      <subfield code="a">CC0</subfield>
    </datafield>
  </record>
  <record type="Holdings">
    <leader>00000ny  a22000003n 4500</leader>
    <controlfield tag="001">105581615</controlfield>
    <controlfield tag="003">DE-101</controlfield>
    <controlfield tag="005">20050623102041.0</controlfield>
    <controlfield tag="008">050623||||||||||||||||ger|||||||</controlfield>
    <datafield tag="092" ind1=" " ind2=" ">
      <subfield code="a">568101-7</subfield>
      <subfield code="d">Sol 1</subfield>
      <subfield code="k">NRW</subfield>
      <subfield code="l">b</subfield>
      <subfield code="o">d</subfield>
    </datafield>
    <datafield tag="852" ind1=" " ind2=" ">
      <subfield code="8">1</subfield>
    </datafield>
    <datafield tag="852" ind1=" " ind2="1">
      <subfield code="c">MA 3113</subfield>
      <subfield code="9">00</subfield>
    </datafield>
    <datafield tag="852" ind1=" " ind2=" ">
      <subfield code="a">DE-Sol1</subfield>
    </datafield>
    <datafield tag="859" ind1="0" ind2="0">
      <subfield code="8">1.1\x</subfield>
      <subfield code="a">18</subfield>
      <subfield code="i">1927</subfield>
    </datafield>
    <datafield tag="866" ind1="3" ind2="0">
      <subfield code="a">18.1927</subfield>
    </datafield>
    <datafield tag="933" ind1=" " ind2=" ">
      <subfield code="a">CC0</subfield>
    </datafield>
  </record>
  <record type="Holdings">
    <leader>00000ny  a22000003n 4500</leader>
    <controlfield tag="001">1090269528</controlfield>
    <controlfield tag="003">DE-101</controlfield>
    <controlfield tag="005">20240524130332.0</controlfield>
    <controlfield tag="008">240524||||||||||||||||ger|||||||</controlfield>
    <datafield tag="092" ind1=" " ind2=" ">
      <subfield code="a">808002-1</subfield>
      <subfield code="d">Freis 2</subfield>
      <subfield code="k">BAY</subfield>
      <subfield code="l">a</subfield>
      <subfield code="o">c</subfield>
    </datafield>
    <datafield tag="852" ind1=" " ind2=" ">
      <subfield code="8">1</subfield>
    </datafield>
    <datafield tag="852" ind1=" " ind2="1">
      <subfield code="c">M/Ki 01285</subfield>
      <subfield code="9">00</subfield>
    </datafield>
    <datafield tag="852" ind1=" " ind2=" ">
      <subfield code="a">DE-Freis2</subfield>
    </datafield>
    <datafield tag="859" ind1="0" ind2="0">
      <subfield code="8">1.1\x</subfield>
      <subfield code="a">13</subfield>
      <subfield code="i">1894</subfield>
    </datafield>
    <datafield tag="859" ind1="1" ind2="0">
      <subfield code="8">1.2\x</subfield>
      <subfield code="a">22</subfield>
      <subfield code="i">1991</subfield>
    </datafield>
    <datafield tag="866" ind1="3" ind2="0">
      <subfield code="a">13.1894 - 22.1991</subfield>
    </datafield>
    <datafield tag="933" ind1=" " ind2=" ">
      <subfield code="a">CC0</subfield>
    </datafield>
  </record>
  <record type="Holdings">
    <leader>00000ny  a22000003n 4500</leader>
    <controlfield tag="001">118069550X</controlfield>
    <controlfield tag="003">DE-101</controlfield>
    <controlfield tag="005">20250217140544.0</controlfield>
    <controlfield tag="008">250217||||||||||||||||ger|||||||</controlfield>
    <datafield tag="092" ind1=" " ind2=" ">
      <subfield code="a">808002-1</subfield>
      <subfield code="d">Freis 2</subfield>
      <subfield code="k">BAY</subfield>
      <subfield code="l">a</subfield>
      <subfield code="o">c</subfield>
    </datafield>
    <datafield tag="852" ind1=" " ind2=" ">
      <subfield code="8">2</subfield>
    </datafield>
    <datafield tag="852" ind1=" " ind2="1">
      <subfield code="c">DB/BA 1150 T826</subfield>
      <subfield code="9">00</subfield>
    </datafield>
    <datafield tag="852" ind1=" " ind2=" ">
      <subfield code="a">DE-Freis2</subfield>
    </datafield>
    <datafield tag="859" ind1="0" ind2="0">
      <subfield code="8">1.1\x</subfield>
      <subfield code="a">22</subfield>
      <subfield code="i">1991</subfield>
    </datafield>
    <datafield tag="866" ind1="3" ind2="0">
      <subfield code="a">22.1991,3</subfield>
    </datafield>
    <datafield tag="933" ind1=" " ind2=" ">
      <subfield code="a">CC0</subfield>
    </datafield>
  </record>
  <record type="Holdings">
    <leader>00000ny  a22000003n 4500</leader>
    <controlfield tag="001">017881439</controlfield>
    <controlfield tag="003">DE-101</controlfield>
    <controlfield tag="005">20050728035138.0</controlfield>
    <controlfield tag="008">991205||||||||||||||||ger|||||||</controlfield>
    <datafield tag="035" ind1=" " ind2=" ">
      <subfield code="a">(DE-600)771647-3</subfield>
    </datafield>
    <datafield tag="092" ind1=" " ind2=" ">
      <subfield code="a">698208-6</subfield>
      <subfield code="d">B 208</subfield>
      <subfield code="k">BAW</subfield>
      <subfield code="l">a</subfield>
      <subfield code="o">b</subfield>
    </datafield>
    <datafield tag="852" ind1=" " ind2=" ">
      <subfield code="8">1</subfield>
    </datafield>
    <datafield tag="852" ind1=" " ind2="1">
      <subfield code="c">K: VI C: 17</subfield>
      <subfield code="9">00</subfield>
    </datafield>
    <datafield tag="852" ind1=" " ind2=" ">
      <subfield code="a">DE-B208</subfield>
    </datafield>
    <datafield tag="859" ind1="0" ind2="0">
      <subfield code="8">1.1\x</subfield>
      <subfield code="a">17</subfield>
      <subfield code="i">1912</subfield>
    </datafield>
    <datafield tag="859" ind1="1" ind2="0">
      <subfield code="8">1.2\x</subfield>
      <subfield code="a">18</subfield>
      <subfield code="i">1927</subfield>
    </datafield>
    <datafield tag="866" ind1="3" ind2="0">
      <subfield code="a">17.1912 - 18.1927</subfield>
    </datafield>
    <datafield tag="933" ind1=" " ind2=" ">
      <subfield code="a">CC0</subfield>
    </datafield>
  </record>
  <record type="Holdings">
    <leader>00000ny  a22000003n 4500</leader>
    <controlfield tag="001">017881560</controlfield>
    <controlfield tag="003">DE-101</controlfield>
    <controlfield tag="005">20181017211639.0</controlfield>
    <controlfield tag="008">991205||||||||||||||||ger|||||||</controlfield>
    <datafield tag="035" ind1=" " ind2=" ">
      <subfield code="a">(DE-600)4058628-5</subfield>
    </datafield>
    <datafield tag="092" ind1=" " ind2=" ">
      <subfield code="a">180042-5</subfield>
      <subfield code="d">B 183</subfield>
      <subfield code="k">BER</subfield>
      <subfield code="l">b</subfield>
      <subfield code="o">d</subfield>
    </datafield>
    <datafield tag="852" ind1=" " ind2=" ">
      <subfield code="8">1</subfield>
    </datafield>
    <datafield tag="852" ind1=" " ind2=" ">
      <subfield code="a">DE-B183</subfield>
    </datafield>
    <datafield tag="859" ind1="0" ind2="0">
      <subfield code="8">1.1\x</subfield>
      <subfield code="a">21</subfield>
      <subfield code="i">1960</subfield>
    </datafield>
    <datafield tag="866" ind1="3" ind2="0">
      <subfield code="a">21.1960</subfield>
    </datafield>
    <datafield tag="933" ind1=" " ind2=" ">
      <subfield code="a">CC0</subfield>
    </datafield>
  </record>
</collection></recordData><recordPosition>12</recordPosition></record>