</records><nextRecordPosition>16</nextRecordPosition><echoedSearchRetrieveRequest><version>1.1</version><query>dnb.isil=DE-Sol1</query><xQuery xmlns:xsi="http://www.w3.org/2001/XMLSchema-instance" xsi:nil="true"/><startRecord>11</startRecord><maximumRecords>5</maximumRecords><recordSchema>MARC21plus-xml</recordSchema></echoedSearchRetrieveRequest></searchRetrieveResponse>
<?xml version="1.0" encoding="UTF-8"?>
<searchRetrieveResponse xmlns="http://www.loc.gov/zing/srw/"><version>1.1</version><numberOfRecords>3031</numberOfRecords><records><record><recordSchema>MARC21plus-xml</recordSchema><recordPacking>xml</recordPacking><recordData><collection xmlns="http://www.loc.gov/MARC21/slim">
  <record type="Bibliographic">
    <leader>00000nas a2200000 c 4500</leader>
    <controlfield tag="001">011169567</controlfield>
    <controlfield tag="003">DE-101</controlfield>
    <controlfield tag="005">20230413194718.0</controlfield>
    <controlfield tag="007">tu</controlfield>
    <controlfield tag="008">991119d19021921xx u||p|  ||| 0||||1ger c</controlfield>
    <datafield tag="016" ind1="7" ind2=" ">
      <subfield code="2">DE-600</subfield>
      <subfield code="a">204346-4</subfield>
    </datafield>
    <datafield tag="016" ind1="7" ind2=" ">
      <subfield code="2">DE-101</subfield>
      <subfield code="a">011169567</subfield>
    </datafield>
    <datafield tag="035" ind1=" " ind2=" ">
      <subfield code="a">(DE-599)ZDB204346-4</subfield>
    </datafield>
    <datafield tag="035" ind1=" " ind2=" ">
      <subfield code="a">(OCoLC)1371239040</subfield>
    </datafield>
    <datafield tag="040" ind1=" " ind2=" ">
      <subfield code="a">9001</subfield>
      <subfield code="b">ger</subfield>
      <subfield code="c">DE-101</subfield>
      <subfield code="d">9999</subfield>
    </datafield>
    <datafield tag="041" ind1=" " ind2=" ">
      <subfield code="a">ger</subfield>
    </datafield>
    <datafield tag="042" ind1=" " ind2=" ">
      <subfield code="a">zdb</subfield>
    </datafield>
    <datafield tag="044" ind1=" " ind2=" ">
      <subfield code="c">XA-DXDE</subfield>
    </datafield>
    <datafield tag="082" ind1="7" ind2="4">
      <subfield code="a">340</subfield>
      <subfield code="q">DE-600</subfield>
      <subfield code="2">22sdnb</subfield>
    </datafield>
    <datafield tag="084" ind1=" " ind2=" ">
      <subfield code="a">3,8</subfield>
      <subfield code="a">20,1</subfield>
      <subfield code="2">ssgn</subfield>
    </datafield>
    <datafield tag="245" ind1="0" ind2="0">
      <subfield code="a">&#152;Das&#156; Standesamt</subfield>
      <subfield code="b">Fachschr. für Behörden u. alleinige Zeitschr. d. Reichsverbandes der Standesbeamten Deutschlands</subfield>
    </datafield>
    <datafield tag="264" ind1="3" ind2="1">
      <subfield code="a">Duisburg-Meiderich</subfield>
      <subfield code="b">[Verlag nicht ermittelbar]</subfield>
      <subfield code="c">1902-1921</subfield>
    </datafield>
    <datafield tag="336" ind1=" " ind2=" ">
      <subfield code="a">Text</subfield>
      <subfield code="b">txt</subfield>
      <subfield code="2">rdacontent</subfield>
    </datafield>
    <datafield tag="337" ind1=" " ind2=" ">
      <subfield code="a">ohne Hilfsmittel zu benutzen</subfield>
      <subfield code="b">n</subfield>
      <subfield code="2">rdamedia</subfield>
    </datafield>
    <datafield tag="338" ind1=" " ind2=" ">
      <subfield code="a">Band</subfield>
      <subfield code="b">nc</subfield>
      <subfield code="2">rdacarrier</subfield>
    </datafield>
    <datafield tag="362" ind1="0" ind2=" ">
      <subfield code="a">1.1902 - 20.1921,5</subfield>
    </datafield>
    <datafield tag="363" ind1="0" ind2="0">
      <subfield code="8">1.1\x</subfield>
      <subfield code="a">1</subfield>
      <subfield code="i">1902</subfield>
    </datafield>
    <datafield tag="363" ind1="1" ind2="0">
      <subfield code="8">1.2\x</subfield>
      <subfield code="a">20</subfield>
      <subfield code="b">5</subfield>
      <subfield code="i">1921</subfield>
    </datafield>
    <datafield tag="591" ind1=" " ind2=" ">
      <subfield code="a">S/GC!C020388</subfield>
    </datafield>
    <datafield tag="655" ind1=" " ind2="7">
      <subfield code="0">(DE-588)4067488-5</subfield>
      <subfield code="0">https://d-nb.info/gnd/4067488-5</subfield>
      <subfield code="0">(DE-101)040674886</subfield>
      <subfield code="a">Zeitschrift</subfield>
      <subfield code="2">gnd-content</subfield>
    </datafield>
    <datafield tag="785" ind1="0" ind2="0">
      <subfield code="i">Forts.:</subfield>
      <subfield code="t">Zeitschrift für Standesamtswesen</subfield>
      <subfield code="d">Frankfurt, M. : Metzner, 1921-1949</subfield>
      <subfield code="w">(DE-600)200229-2</subfield>
      <subfield code="w">(DE-101)011135395</subfield>
    </datafield>
    <datafield tag="850" ind1=" " ind2=" ">
      <subfield code="a">DE-101a</subfield>
    </datafield>
  </record>

  <record type="Holdings">
    <leader>00000ny  a22000003n 4500</leader>
    <controlfield tag="001">090602447</controlfield>
    <controlfield tag="003">DE-101</controlfield>
    <controlfield tag="005">20080816182202.0</controlfield>
    <controlfield tag="008">031210||||||||||||||||ger|||||||</controlfield>
    <datafield tag="035" ind1=" " ind2=" ">
      <subfield code="a">(XX-XxUND)4002/0158</subfield>
    </datafield>
    <datafield tag="092" ind1=" " ind2=" ">
      <subfield code="a">950200-2</subfield>
      <subfield code="d">101a</subfield>
      <subfield code="k">SAX</subfield>
      <subfield code="l">a</subfield>
      <subfield code="o">b</subfield>
    </datafield>
    <datafield tag="541" ind1=" " ind2=" ">
      <subfield code="e">L-1902-090602447</subfield>
    </datafield>
    <datafield tag="852" ind1=" " ind2=" ">
      <subfield code="8">1</subfield>
    </datafield>
    <datafield tag="852" ind1=" " ind2="1">
      <subfield code="c">ZC 501</subfield>
      <subfield code="9">00</subfield>
    </datafield>
    <datafield tag="852" ind1=" " ind2=" ">
      <subfield code="a">DE-101a</subfield>
    </datafield>
    <datafield tag="866" ind1="3" ind2="0">
      <subfield code="a">12.1913 -</subfield>
    </datafield>
    <datafield tag="933" ind1=" " ind2=" ">
      <subfield code="a">CC0</subfield>
    </datafield>
  </record>
  <record type="Holdings">
    <leader>00000ny  a22000003n 4500</leader>
    <controlfield tag="001">838545645</controlfield>
    <controlfield tag="003">DE-101</controlfield>
    <controlfield tag="005">20221012042238.0</controlfield>
    <controlfield tag="008">010828||||||||||||||||ger|||||||</controlfield>
    <datafield tag="035" ind1=" " ind2=" ">
      <subfield code="a">(DE-601)517128470</subfield>
    </datafield>
    <datafield tag="035" ind1=" " ind2=" ">
      <subfield code="a">(DE-1)166493147</subfield>
    </datafield>
    <datafield tag="092" ind1=" " ind2=" ">
      <subfield code="a">910107-X</subfield>
      <subfield code="d">1</subfield>
      <subfield code="k">BER</subfield>
      <subfield code="l">a</subfield>
      <subfield code="o">c</subfield>
    </datafield>
    <datafield tag="852" ind1=" " ind2=" ">
      <subfield code="8">2</subfield>
    </datafield>
    <datafield tag="852" ind1=" " ind2="1">
      <subfield code="c">&#152;4"&#156;Dp 17962</subfield>
      <subfield code="m">d</subfield>
      <subfield code="=">l</subfield>
      <subfield code="9">00</subfield>
    </datafield>
    <datafield tag="852" ind1=" " ind2=" ">
      <subfield code="a">DE-1</subfield>
    </datafield>
    <datafield tag="859" ind1="0" ind2="0">
      <subfield code="8">1.1\x</subfield>
      <subfield code="a">1</subfield>
      <subfield code="i">1902</subfield>
    </datafield>
    <datafield tag="859" ind1="1" ind2="0">
      <subfield code="8">1.2\x</subfield>
      <subfield code="a">10</subfield>
      <subfield code="i">1911</subfield>
    </datafield>
    <datafield tag="859" ind1="0" ind2="0">
      <subfield code="8">2.1\x</subfield>
      <subfield code="a">13</subfield>
      <subfield code="i">1914</subfield>
    </datafield>
    <datafield tag="859" ind1="1" ind2="0">
      <subfield code="8">2.2\x</subfield>
      <subfield code="a">19</subfield>
      <subfield code="i">1920</subfield>
    </datafield>
    <datafield tag="866" ind1="3" ind2="0">
      <subfield code="a">1.1902 - 10.1911; 13.1914 - 19.1920</subfield>
    </datafield>
    <datafield tag="933" ind1=" " ind2=" ">
      <subfield code="a">CC0</subfield>
    </datafield>
  </record>
  <record type="Holdings">
    <leader>00000ny  a22000003n 4500</leader>
    <controlfield tag="001">838545653</controlfield>
    <controlfield tag="003">DE-101</controlfield>
    <controlfield tag="005">20221012042238.0</controlfield>
    <controlfield tag="008">010828||||||||||||||||ger|||||||</controlfield>
    <datafield tag="035" ind1=" " ind2=" ">
      <subfield code="a">(DE-601)517128489</subfield>
    </datafield>
    <datafield tag="035" ind1=" " ind2=" ">
      <subfield code="a">(DE-1)166493147</subfield>
    </datafield>
    <datafield tag="092" ind1=" " ind2=" ">
      <subfield code="a">910107-X</subfield>
      <subfield code="d">1</subfield>
      <subfield code="k">BER</subfield>
      <subfield code="l">a</subfield>
      <subfield code="o">c</subfield>
    </datafield>
    <datafield tag="852" ind1=" " ind2=" ">
      <subfield code="8">3</subfield>
    </datafield>
    <datafield tag="852" ind1=" " ind2="1">
      <subfield code="c">&#152;4"&#156;Dp 17962&lt;a></subfield>
      <subfield code="m">d</subfield>
      <subfield code="=">l</subfield>
      <subfield code="9">00</subfield>
    </datafield>
    <datafield tag="852" ind1=" " ind2=" ">
      <subfield code="a">DE-1</subfield>
    </datafield>
    <datafield tag="859" ind1="0" ind2="0">
      <subfield code="8">1.1\x</subfield>
      <subfield code="a">1</subfield>
      <subfield code="i">1902</subfield>
    </datafield>
    <datafield tag="859" ind1="1" ind2="0">
      <subfield code="8">1.2\x</subfield>
      <subfield code="a">19</subfield>
      <subfield code="i">1920</subfield>
    </datafield>
    <datafield tag="866" ind1="3" ind2="0">
      <subfield code="a">1.1902 - 19.1920</subfield>
    </datafield>
    <datafield tag="933" ind1=" " ind2=" ">
      <subfield code="a">CC0</subfield>
    </datafield>
  </record>
  <record type="Holdings">
    <leader>00000ny  a22000003n 4500</leader>
    <controlfield tag="001">805197443</controlfield>
    <controlfield tag="003">DE-101</controlfield>
    <controlfield tag="005">20220910063000.0</controlfield>
    <controlfield tag="008">970419||||||||||||||||ger|||||||</controlfield>
    <datafield tag="035" ind1=" " ind2=" ">
      <subfield code="a">(DE-601)298106787</subfield>
    </datafield>
    <datafield tag="035" ind1=" " ind2=" ">
      <subfield code="a">(DE-3)166493147</subfield>
    </datafield>
    <datafield tag="092" ind1=" " ind2=" ">
      <subfield code="a">931000-9</subfield>
      <subfield code="d">3</subfield>
      <subfield code="k">SAA</subfield>
      <subfield code="l">a</subfield>
      <subfield code="o">d</subfield>
    </datafield>
    <datafield tag="852" ind1=" " ind2=" ">
      <subfield code="8">1</subfield>
    </datafield>
    <datafield tag="852" ind1=" " ind2="1">
      <subfield code="c">AB Ww 261</subfield>
      <subfield code="m">i</subfield>
      <subfield code="=">n</subfield>
      <subfield code="9">00</subfield>
    </datafield>
    <datafield tag="852" ind1=" " ind2="2">
      <subfield code="b">M2</subfield>
      <subfield code="9">09</subfield>
    </datafield>
    <datafield tag="852" ind1=" " ind2=" ">
      <subfield code="a">DE-3</subfield>
    </datafield>
    <datafield tag="859" ind1="0" ind2="0">
      <subfield code="8">1.1\x</subfield>
      <subfield code="a">1</subfield>
      <subfield code="i">1902</subfield>
    </datafield>
    <datafield tag="859" ind1="1" ind2="0">
      <subfield code="8">1.2\x</subfield>
      <subfield code="a">19</subfield>
      <subfield code="i">1920</subfield>
    </datafield>
    <datafield tag="866" ind1="3" ind2="0">
      <subfield code="a">1.1902 - 19.1920</subfield>
    </datafield>
    <datafield tag="933" ind1=" " ind2=" ">
      <subfield code="a">CC0</subfield>
    </datafield>
  </record>
  <record type="Holdings">
    <leader>00000ny  a22000003n 4500</leader>
    <controlfield tag="001">106013067X</controlfield>
    <controlfield tag="003">DE-101</controlfield>
    <controlfield tag="005">20240215182605.0</controlfield>
    <controlfield tag="008">960802||||||||||||||||ger|||||||</controlfield>
    <datafield tag="035" ind1=" " ind2=" ">
      <subfield code="a">(DE-601)001799339</subfield>
    </datafield>
    <datafield tag="035" ind1=" " ind2=" ">
      <subfield code="a">(DE-8)166493147</subfield>
    </datafield>
    <datafield tag="092" ind1=" " ind2=" ">
      <subfield code="a">231000-4</subfield>
      <subfield code="d">8</subfield>
      <subfield code="k">HAM</subfield>
      <subfield code="l">a</subfield>
      <subfield code="o">c</subfield>
    </datafield>
    <datafield tag="852" ind1=" " ind2=" ">
      <subfield code="8">1</subfield>
    </datafield>
    <datafield tag="852" ind1=" " ind2="1">
      <subfield code="c">Y 1639</subfield>
      <subfield code="m">u</subfield>
      <subfield code="=">l</subfield>
      <subfield code="9">00</subfield>
    </datafield>
    <datafield tag="852" ind1=" " ind2="2">
      <subfield code="b">19</subfield>
      <subfield code="9">09</subfield>
    </datafield>
    <datafield tag="852" ind1=" " ind2=" ">
      <subfield code="a">DE-8</subfield>
    </datafield>
    <datafield tag="859" ind1="0" ind2="0">
      <subfield code="8">1.1\x</subfield>
      <subfield code="a">1</subfield>
      <subfield code="i">1902</subfield>
    </datafield>
    <datafield tag="859" ind1="1" ind2="0">
      <subfield code="8">1.2\x</subfield>
      <subfield code="a">2</subfield>
      <subfield code="i">1903</subfield>
    </datafield>
    <datafield tag="859" ind1="0" ind2="0">
      <subfield code="8">2.1\x</subfield>
      <subfield code="a">5</subfield>
      <subfield code="i">1906</subfield>
    </datafield>
    <datafield tag="859" ind1="1" ind2="0">
      <subfield code="8">2.2\x</subfield>
      <subfield code="a">7</subfield>
      <subfield code="i">1908</subfield>
    </datafield>
    <datafield tag="866" ind1="3" ind2="0">
      <subfield code="a">1.1902 - 2.1903; 5.1906 - 7.1908</subfield>
    </datafield>
    <datafield tag="866" ind1=" " ind2="0">
      <subfield code="z">*1</subfield>
    </datafield>
    <datafield tag="933" ind1=" " ind2=" ">
      <subfield code="a">CC0</subfield>
    </datafield>
  </record>
  <record type="Holdings">
    <leader>00000ny  a22000003n 4500</leader>
    <controlfield tag="001">1060130688</controlfield>
    <controlfield tag="003">DE-101</controlfield>
    <controlfield tag="005">20240215182605.0</controlfield>
    <controlfield tag="008">960802||||||||||||||||ger|||||||</controlfield>
    <datafield tag="035" ind1=" " ind2=" ">
      <subfield code="a">(DE-601)001799347</subfield>
    </datafield>
    <datafield tag="035" ind1=" " ind2=" ">
      <subfield code="a">(DE-8-3)166493147</subfield>
    </datafield>
    <datafield tag="092" ind1=" " ind2=" ">
      <subfield code="a">231003-X</subfield>
      <subfield code="d">8/3</subfield>
      <subfield code="k">HAM</subfield>
      <subfield code="l">b</subfield>
      <subfield code="o">d</subfield>
    </datafield>
    <datafield tag="852" ind1=" " ind2=" ">
      <subfield code="8">2</subfield>
    </datafield>
    <datafield tag="852" ind1=" " ind2="1">
      <subfield code="c">Z 383</subfield>
      <subfield code="m">i</subfield>
      <subfield code="=">n</subfield>
      <subfield code="9">00</subfield>
    </datafield>
    <datafield tag="852" ind1=" " ind2="2">
      <subfield code="b">8/3</subfield>
      <subfield code="9">09</subfield>
    </datafield>
    <datafield tag="852" ind1=" " ind2=" ">
      <subfield code="a">DE-8-3</subfield>
    </datafield>
    <datafield tag="859" ind1="0" ind2="0">
      <subfield code="8">1.1\x</subfield>
      <subfield code="a">1</subfield>
      <subfield code="i">1902</subfield>
    </datafield>
    <datafield tag="859" ind1="1" ind2="0">
      <subfield code="8">1.2\x</subfield>
      <subfield code="a">19</subfield>
      <subfield code="i">1920</subfield>
    </datafield>
    <datafield tag="866" ind1="3" ind2="0">
      <subfield code="a">1-19.1902-1920</subfield>
    </datafield>
    <datafield tag="933" ind1=" " ind2=" ">
      <subfield code="a">CC0</subfield>
    </datafield>
  </record>
  <record type="Holdings">
    <leader>00000ny  a22000003n 4500</leader>
    <controlfield tag="001">05349542X</controlfield>
    <controlfield tag="003">DE-101</controlfield>
    <controlfield tag="005">20170530152459.0</controlfield>
    <controlfield tag="008">991229||||||||||||||||ger|||||||</controlfield>
    <datafield tag="035" ind1=" " ind2=" ">
      <subfield code="a">(DE-600)5095357-6</subfield>
    </datafield>
    <datafield tag="035" ind1=" " ind2=" ">
      <subfield code="a">(DE-602)22558714960002882</subfield>
    </datafield>
    <datafield tag="092" ind1=" " ind2=" ">
      <subfield code="a">130000-3</subfield>
      <subfield code="d">11</subfield>
      <subfield code="k">BER</subfield>
      <subfield code="l">c</subfield>
      <subfield code="o">e</subfield>
    </datafield>
    <datafield tag="852" ind1=" " ind2=" ">
      <subfield code="8">1</subfield>
    </datafield>
    <datafield tag="852" ind1=" " ind2="1">
      <subfield code="c">Pol. P. 1209:F4</subfield>
      <subfield code="9">00</subfield>
    </datafield>
    <datafield tag="852" ind1=" " ind2="2">
      <subfield code="b">Zeitschriften</subfield>
      <subfield code="9">09</subfield>
    </datafield>
    <datafield tag="852" ind1=" " ind2=" ">
      <subfield code="a">DE-11</subfield>
    </datafield>
    <datafield tag="859" ind1="0" ind2="0">
      <subfield code="8">1.1\x</subfield>
      <subfield code="a">1</subfield>
      <subfield code="i">1902</subfield>
    </datafield>
    <datafield tag="859" ind1="0" ind2="0">
      <subfield code="8">2.1\x</subfield>
      <subfield code="a">11</subfield>
      <subfield code="i">1912</subfield>
    </datafield>
    <datafield tag="859" ind1="1" ind2="0">
      <subfield code="8">2.2\x</subfield>
      <subfield code="a">20</subfield>
      <subfield code="i">1921</subfield>
    </datafield>
    <datafield tag="866" ind1="3" ind2="0">
      <subfield code="a">1.1902; 11.1912 - 20.1921</subfield>
    </datafield>
    <datafield tag="933" ind1=" " ind2=" ">
      <subfield code="a">CC0</subfield>
    </datafield>
  </record>
  <record type="Holdings">
    <leader>00000ny  a22000003n 4500</leader>
    <controlfield tag="001">013483455</controlfield>
    <controlfield tag="003">DE-101</controlfield>
    <controlfield tag="005">20030722141208.0</controlfield>
    <controlfield tag="008">991204||||||||||||||||ger|||||||</controlfield>
    <datafield tag="035" ind1=" " ind2=" ">
      <subfield code="a">(DE-600)573549-x</subfield>
    </datafield>
    <datafield tag="092" ind1=" " ind2=" ">
      <subfield code="a">691013-0</subfield>
      <subfield code="d">16/13</subfield>
      <subfield code="k">BAW</subfield>
      <subfield code="l">b</subfield>
      <subfield code="o">d</subfield>
    </datafield>
    <datafield tag="852" ind1=" " ind2=" ">
      <subfield code="8">1</subfield>
    </datafield>
    <datafield tag="852" ind1=" " ind2="1">
      <subfield code="c">Z 494</subfield>
      <subfield code="9">00</subfield>
    </datafield>
    <datafield tag="852" ind1=" " ind2=" ">
      <subfield code="a">DE-16-13</subfield>
    </datafield>
    <datafield tag="859" ind1="0" ind2="0">
      <subfield code="8">1.1\x</subfield>
      <subfield code="a">7</subfield>
      <subfield code="i">1908</subfield>
    </datafield>
    <datafield tag="859" ind1="1" ind2="0">
      <subfield code="8">1.2\x</subfield>
      <subfield code="a">19</subfield>
      <subfield code="i">1920</subfield>
    </datafield>
    <datafield tag="866" ind1="3" ind2="0">
      <subfield code="a">7.1908 - 19.1920</subfield>
    </datafield>
    <datafield tag="933" ind1=" " ind2=" ">
      <subfield code="a">CC0</subfield>
    </datafield>
  </record>
  <record type="Holdings">
    <leader>00000ny  a22000003n 4500</leader>
    <controlfield tag="001">805197451</controlfield>
    <controlfield tag="003">DE-101</controlfield>
    <controlfield tag="005">20220910063000.0</controlfield>
    <controlfield tag="008">020424||||||||||||||||ger|||||||</controlfield>
    <datafield tag="035" ind1=" " ind2=" ">
      <subfield code="a">(DE-601)553609092</subfield>
    </datafield>
    <datafield tag="035" ind1=" " ind2=" ">
      <subfield code="a">(DE-H46)166493147</subfield>
    </datafield>
    <datafield tag="092" ind1=" " ind2=" ">
      <subfield code="a">208046-1</subfield>
      <subfield code="d">H 46</subfield>
      <subfield code="k">HAM</subfield>
      <subfield code="l">b</subfield>
      <subfield code="o">d</subfield>
    </datafield>
    <datafield tag="852" ind1=" " ind2=" ">
      <subfield code="8">1</subfield>
    </datafield>
    <datafield tag="852" ind1=" " ind2="1">
      <subfield code="c">Z 701/0022</subfield>
      <subfield code="m">i</subfield>
      <subfield code="=">n</subfield>
      <subfield code="9">00</subfield>
    </datafield>
    <datafield tag="852" ind1=" " ind2=" ">
      <subfield code="a">DE-H46</subfield>
    </datafield>
    <datafield tag="859" ind1="0" ind2="0">
      <subfield code="8">1.1\x</subfield>
      <subfield code="a">20</subfield>
      <subfield code="i">1921</subfield>
    </datafield>
    <datafield tag="866" ind1="3" ind2="0">
      <subfield code="a">20. 1921</subfield>
    </datafield>
    <datafield tag="933" ind1=" " ind2=" ">
      <subfield code="a">CC0</subfield>
    </datafield>
  </record>
  <record type="Holdings">
    <leader>00000ny  a22000003n 4500</leader>
    <controlfield tag="001">09207524X</controlfield>
    <controlfield tag="003">DE-101</controlfield>
    <controlfield tag="005">20041011024610.0</controlfield>
    <controlfield tag="008">900326||||||||||||||||ger|||||||</controlfield>
    <datafield tag="035" ind1=" " ind2=" ">
      <subfield code="a">(DE-604)8041009324658</subfield>
    </datafield>
    <datafield tag="092" ind1=" " ind2=" ">
      <subfield code="a">810001-9</subfield>
      <subfield code="d">19</subfield>
      <subfield code="k">BAY</subfield>
      <subfield code="l">a</subfield>
      <subfield code="o">c</subfield>
    </datafield>
    <datafield tag="852" ind1=" " ind2=" ">
      <subfield code="8">40001    A</subfield>
    </datafield>
    <datafield tag="852" ind1=" " ind2="0">
      <subfield code="=">l</subfield>
      <subfield code="9">00</subfield>
    </datafield>
    <datafield tag="852" ind1=" " ind2="2">
      <subfield code="b">0001</subfield>
      <subfield code="c">0001/4 Jus 9279</subfield>
      <subfield code="9">09</subfield>
    </datafield>
    <datafield tag="852" ind1=" " ind2=" ">
      <subfield code="a">DE-19</subfield>
    </datafield>
    <datafield tag="859" ind1="0" ind2="0">
      <subfield code="8">1.1\x</subfield>
      <subfield code="a">10</subfield>
      <subfield code="i">1911</subfield>
    </datafield>
    <datafield tag="859" ind1="1" ind2="0">
      <subfield code="8">1.2\x</subfield>
      <subfield code="a">18/19</subfield>
      <subfield code="i">1919/20</subfield>
    </datafield>
    <datafield tag="866" ind1="3" ind2="0">
      <subfield code="a">10.1911-18/19.1919/20</subfield>
    </datafield>
    <datafield tag="933" ind1=" " ind2=" ">
      <subfield code="a">CC0</subfield>
    </datafield>
  </record>
  <record type="Holdings">
    <leader>00000ny  a22000003n 4500</leader>
    <controlfield tag="001">056572921</controlfield>
    <controlfield tag="003">DE-101</controlfield>
    <controlfield tag="005">20121112170648.0</controlfield>
    <controlfield tag="008">121102||||||||||||||||ger|||||||</controlfield>
    <datafield tag="035" ind1=" " ind2=" ">
      <subfield code="a">(DE-603)020291981</subfield>
    </datafield>
    <datafield tag="092" ind1=" " ind2=" ">
      <subfield code="a">601000-3</subfield>
      <subfield code="d">30</subfield>
      <subfield code="k">HES</subfield>
      <subfield code="l">a</subfield>
      <subfield code="o">c</subfield>
    </datafield>
    <datafield tag="852" ind1=" " ind2=" ">
      <subfield code="8">1</subfield>
    </datafield>
    <datafield tag="852" ind1=" " ind2="1">
      <subfield code="c">Zsq 300</subfield>
      <subfield code="9">00</subfield>
    </datafield>
    <datafield tag="852" ind1=" " ind2=" ">
      <subfield code="a">DE-30</subfield>
    </datafield>
    <datafield tag="859" ind1="0" ind2="0">
      <subfield code="8">1.1\x</subfield>
      <subfield code="a">9</subfield>
      <subfield code="i">1910</subfield>
    </datafield>
    <datafield tag="859" ind1="1" ind2="0">
      <subfield code="8">1.2\x</subfield>
      <subfield code="a">12</subfield>
      <subfield code="i">1913</subfield>
    </datafield>
    <datafield tag="859" ind1="0" ind2="0">
      <subfield code="8">2.1\x</subfield>
      <subfield code="a">13</subfield>
      <subfield code="i">1914</subfield>
    </datafield>
    <datafield tag="859" ind1="0" ind2="0">
      <subfield code="8">3.1\x</subfield>
      <subfield code="a">14</subfield>
      <subfield code="i">1915</subfield>
    </datafield>
    <datafield tag="859" ind1="0" ind2="0">
      <subfield code="8">4.1\x</subfield>
      <subfield code="a">15</subfield>
      <subfield code="i">1916</subfield>
    </datafield>
    <datafield tag="859" ind1="0" ind2="0">
      <subfield code="8">5.1\x</subfield>
      <subfield code="a">16</subfield>
      <subfield code="i">1917</subfield>
    </datafield>
    <datafield tag="859" ind1="0" ind2="0">
      <subfield code="8">6.1\x</subfield>
      <subfield code="a">18</subfield>
      <subfield code="i">1919</subfield>
    </datafield>
    <datafield tag="859" ind1="1" ind2="0">
      <subfield code="8">6.2\x</subfield>
      <subfield code="a">19</subfield>
      <subfield code="i">1920</subfield>
    </datafield>
    <datafield tag="866" ind1="3" ind2="0">
      <subfield code="a">9.1910 - 12.1913; 13.1914,1-21u.23; 14.1915,1.2.4.6-20u.23; 15.1916,9-10.12-19u.21-23; 16.1917,2-3.5u.7-24; 18.1919 - 19.1920</subfield>
    </datafield>
    <datafield tag="933" ind1=" " ind2=" ">
      <subfield code="a">CC0</subfield>
    </datafield>
  </record>
  <record type="Holdings">
    <leader>00000ny  a22000003n 4500</leader>
    <controlfield tag="001">259538515</controlfield>
    <controlfield tag="003">DE-101</controlfield>
    <controlfield tag="005">20130403172640.0</controlfield>
    <controlfield tag="008">130327||||||||||||||||ger|||||||</controlfield>
    <datafield tag="035" ind1=" " ind2=" ">
      <subfield code="a">(DE-603)672418878</subfield>
    </datafield>
    <datafield tag="092" ind1=" " ind2=" ">
      <subfield code="a">628002-X</subfield>
      <subfield code="d">Wi 1</subfield>
      <subfield code="k">HES</subfield>
      <subfield code="l">b</subfield>
      <subfield code="o">d</subfield>
    </datafield>
    <datafield tag="852" ind1=" " ind2=" ">
      <subfield code="8">1</subfield>
    </datafield>
    <datafield tag="852" ind1=" " ind2="1">
      <subfield code="c">VIII 455</subfield>
      <subfield code="9">00</subfield>
    </datafield>
    <datafield tag="852" ind1=" " ind2=" ">
      <subfield code="a">DE-Wi1</subfield>
    </datafield>
    <datafield tag="859" ind1="0" ind2="0">
      <subfield code="8">1.1\x</subfield>
      <subfield code="a">1</subfield>
      <subfield code="i">1902</subfield>
    </datafield>
    <datafield tag="859" ind1="1" ind2="0">
      <subfield code="8">1.2\x</subfield>
      <subfield code="a">16</subfield>
      <subfield code="i">1917</subfield>
    </datafield>
    <datafield tag="866" ind1="3" ind2="0">
      <subfield code="a">1.1902 - 16.1917</subfield>
    </datafield>
    <datafield tag="933" ind1=" " ind2=" ">
      <subfield code="a">CC0</subfield>
    </datafield>
  </record>
  <record type="Holdings">
    <leader>00000ny  a22000003n 4500</leader>
    <controlfield tag="001">01348348X</controlfield>
    <controlfield tag="003">DE-101</controlfield>
    <controlfield tag="005">20231018182828.0</controlfield>
    <controlfield tag="008">991204||||||||||||||||ger|||||||</controlfield>
    <datafield tag="035" ind1=" " ind2=" ">
      <subfield code="a">(DE-600)573546-4</subfield>
    </datafield>
    <datafield tag="035" ind1=" " ind2=" ">
      <subfield code="a">(DE-605)22321877690006476</subfield>
    </datafield>
    <datafield tag="092" ind1=" " ind2=" ">
      <subfield code="a">501000-7</subfield>
      <subfield code="d">38</subfield>
      <subfield code="k">NRW</subfield>
      <subfield code="l">a</subfield>
      <subfield code="o">c</subfield>
    </datafield>
    <datafield tag="852" ind1=" " ind2=" ">
      <subfield code="8">1</subfield>
    </datafield>
    <datafield tag="852" ind1=" " ind2="1">
      <subfield code="c">Fa491</subfield>
      <subfield code="9">00</subfield>
    </datafield>
    <datafield tag="852" ind1=" " ind2=" ">
      <subfield code="a">DE-38</subfield>
    </datafield>
    <datafield tag="859" ind1="0" ind2="0">
      <subfield code="8">1.1\x</subfield>
      <subfield code="a">4</subfield>
      <subfield code="i">1905</subfield>
    </datafield>
    <datafield tag="859" ind1="0" ind2="0">
      <subfield code="8">2.1\x</subfield>
      <subfield code="a">6</subfield>
      <subfield code="i">1907</subfield>
    </datafield>
    <datafield tag="859" ind1="1" ind2="0">
      <subfield code="8">2.2\x</subfield>
      <subfield code="a">8</subfield>
      <subfield code="i">1909</subfield>
    </datafield>
    <datafield tag="859" ind1="0" ind2="0">
      <subfield code="8">3.1\x</subfield>
      <subfield code="a">12</subfield>
      <subfield code="i">1913</subfield>
    </datafield>
    <datafield tag="859" ind1="1" ind2="0">
      <subfield code="8">3.2\x</subfield>
      <subfield code="a">19</subfield>
      <subfield code="i">1920</subfield>
    </datafield>
    <datafield tag="866" ind1="3" ind2="0">
      <subfield code="a">4.1905; 6.1907 - 8.1909; 12.1913 - 19.1920</subfield>
    </datafield>
    <datafield tag="933" ind1=" " ind2=" ">
      <subfield code="a">CC0</subfield>
    </datafield>
  </record>
  <record type="Holdings">
    <leader>00000ny  a22000003n 4500</leader>
    <controlfield tag="001">013483498</controlfield>
    <controlfield tag="003">DE-101</controlfield>
    <controlfield tag="005">20211209164953.0</controlfield>
    <controlfield tag="008">991204||||||||||||||||ger|||||||</controlfield>
    <datafield tag="035" ind1=" " ind2=" ">
      <subfield code="a">(DE-600)573545-2</subfield>
    </datafield>
    <datafield tag="035" ind1=" " ind2=" ">
      <subfield code="a">(DE-605)22277461730006443</subfield>
    </datafield>
    <datafield tag="092" ind1=" " ind2=" ">
      <subfield code="a">401000-0</subfield>
      <subfield code="d">61</subfield>
      <subfield code="k">NRW</subfield>
      <subfield code="l">a</subfield>
      <subfield code="o">b</subfield>
    </datafield>
    <datafield tag="852" ind1=" " ind2=" ">
      <subfield code="8">1</subfield>
    </datafield>
    <datafield tag="852" ind1=" " ind2="1">
      <subfield code="c">StW 4337 (4)</subfield>
      <subfield code="9">00</subfield>
    </datafield>
    <datafield tag="852" ind1=" " ind2="2">
      <subfield code="b">93</subfield>
      <subfield code="9">09</subfield>
    </datafield>
    <datafield tag="852" ind1=" " ind2=" ">
      <subfield code="a">DE-61</subfield>
    </datafield>
    <datafield tag="859" ind1="0" ind2="0">
      <subfield code="8">1.1\x</subfield>
      <subfield code="a">3</subfield>
      <subfield code="i">1904</subfield>
    </datafield>
    <datafield tag="859" ind1="0" ind2="0">
      <subfield code="8">2.1\x</subfield>
      <subfield code="a">5</subfield>
      <subfield code="i">1906</subfield>
    </datafield>
    <datafield tag="859" ind1="1" ind2="0">
      <subfield code="8">2.2\x</subfield>
      <subfield code="a">15</subfield>
      <subfield code="i">1916</subfield>
    </datafield>
    <datafield tag="859" ind1="0" ind2="0">
      <subfield code="8">3.1\x</subfield>
      <subfield code="a">19</subfield>
      <subfield code="i">1920</subfield>
    </datafield>
    <datafield tag="866" ind1="3" ind2="0">
      <subfield code="a">3.1904; 5.1906 - 15.1916; 19.1920</subfield>
    </datafield>
    <datafield tag="933" ind1=" " ind2=" ">
      <subfield code="a">CC0</subfield>
    </datafield>
  </record>
  <record type="Holdings">
    <leader>00000ny  a22000003n 4500</leader>
    <controlfield tag="001">246601841</controlfield>
    <controlfield tag="003">DE-101</controlfield>
    <controlfield tag="005">20130826085540.0</controlfield>
    <controlfield tag="008">991204||||||||||||||||ger|||||||</controlfield>
    <datafield tag="035" ind1=" " ind2=" ">
      <subfield code="a">(DE-600)573544-0</subfield>
    </datafield>
    <datafield tag="092" ind1=" " ind2=" ">
      <subfield code="a">170100-9</subfield>
      <subfield code="d">109</subfield>
      <subfield code="k">BER</subfield>
      <subfield code="l">a</subfield>
      <subfield code="o">b</subfield>
      <subfield code="y">RJ</subfield>
    </datafield>
    <datafield tag="852" ind1=" " ind2=" ">
      <subfield code="8">1</subfield>
    </datafield>
    <datafield tag="852" ind1=" " ind2="1">
      <subfield code="c">ZB 7188</subfield>
      <subfield code="9">00</subfield>
    </datafield>
    <datafield tag="852" ind1=" " ind2="2">
      <subfield code="b">BStB</subfield>
      <subfield code="9">09</subfield>
    </datafield>
    <datafield tag="852" ind1=" " ind2=" ">
      <subfield code="a">DE-109</subfield>
    </datafield>
    <datafield tag="859" ind1="0" ind2="0">
      <subfield code="8">1.1\x</subfield>
      <subfield code="a">6</subfield>
      <subfield code="i">1907</subfield>
    </datafield>
    <datafield tag="859" ind1="1" ind2="0">
      <subfield code="8">1.2\x</subfield>
      <subfield code="a">14</subfield>
      <subfield code="i">1915</subfield>
    </datafield>
    <datafield tag="859" ind1="0" ind2="0">
      <subfield code="8">2.1\x</subfield>
      <subfield code="a">17</subfield>
      <subfield code="i">1918</subfield>
    </datafield>
    <datafield tag="859" ind1="1" ind2="0">
      <subfield code="8">2.2\x</subfield>
      <subfield code="a">20</subfield>
      <subfield code="i">1921</subfield>
    </datafield>
    <datafield tag="866" ind1="3" ind2="0">
      <subfield code="a">6.1907 - 14.1915; 17.1918 - 20.1921</subfield>
    </datafield>
    <datafield tag="933" ind1=" " ind2=" ">
      <subfield code="a">CC0</subfield>
    </datafield>
  </record>
  <record type="Holdings">
    <leader>00000ny  a22000003n 4500</leader>
    <controlfield tag="001">114812101</controlfield>
    <controlfield tag="003">DE-101</controlfield>
    <controlfield tag="005">20201208190844.0</controlfield>
    <controlfield tag="008">060407||||||||||||||||ger|||||||</controlfield>
    <datafield tag="035" ind1=" " ind2=" ">
      <subfield code="a">(DE-576)22176068240002561</subfield>
    </datafield>
    <datafield tag="092" ind1=" " ind2=" ">
      <subfield code="a">681000-7</subfield>
      <subfield code="d">180</subfield>
      <subfield code="k">BAW</subfield>
      <subfield code="l">a</subfield>
      <subfield code="o">c</subfield>
    </datafield>
    <datafield tag="852" ind1=" " ind2=" ">
      <subfield code="8">1</subfield>
    </datafield>
    <datafield tag="852" ind1=" " ind2="1">
      <subfield code="c">ZT 0805</subfield>
      <subfield code="9">00</subfield>
    </datafield>
    <datafield tag="852" ind1=" " ind2="2">
      <subfield code="b">Tiefmagazin</subfield>
      <subfield code="9">09</subfield>
    </datafield>
    <datafield tag="852" ind1=" " ind2=" ">
      <subfield code="a">DE-180</subfield>
    </datafield>
    <datafield tag="859" ind1="0" ind2="0">
      <subfield code="8">1.1\x</subfield>
      <subfield code="a">3</subfield>
      <subfield code="i">1904</subfield>
    </datafield>
    <datafield tag="859" ind1="1" ind2="0">
      <subfield code="8">1.2\x</subfield>
      <subfield code="a">19</subfield>
      <subfield code="i">1920</subfield>
    </datafield>
    <datafield tag="866" ind1="3" ind2="0">
      <subfield code="a">3.1904 - 19.1920</subfield>
    </datafield>
    <datafield tag="866" ind1="3" ind2="0">
      <subfield code="z">[N=4;5;7;11-18]</subfield>
    </datafield>
    <datafield tag="933" ind1=" " ind2=" ">
      <subfield code="a">CC0</subfield>
    </datafield>
  </record>
  <record type="Holdings">
    <leader>00000ny  a22000003n 4500</leader>
    <controlfield tag="001">80519746X</controlfield>
    <controlfield tag="003">DE-101</controlfield>
    <controlfield tag="005">20220910063000.0</controlfield>
    <controlfield tag="008">940805||||||||||||||||ger|||||||</controlfield>
    <datafield tag="035" ind1=" " ind2=" ">
      <subfield code="a">(DE-601)129889806</subfield>
    </datafield>
    <datafield tag="035" ind1=" " ind2=" ">
      <subfield code="a">(DE-700)166493147</subfield>
    </datafield>
    <datafield tag="092" ind1=" " ind2=" ">
      <subfield code="a">451000-8</subfield>
      <subfield code="d">700</subfield>
      <subfield code="k">NIE</subfield>
      <subfield code="l">a</subfield>
      <subfield code="o">b</subfield>
    </datafield>
    <datafield tag="852" ind1=" " ind2=" ">
      <subfield code="8">1</subfield>
    </datafield>
    <datafield tag="852" ind1=" " ind2="1">
      <subfield code="c">Z 3887</subfield>
      <subfield code="m">s</subfield>
      <subfield code="=">k</subfield>
      <subfield code="9">00</subfield>
    </datafield>
    <datafield tag="852" ind1=" " ind2="2">
      <subfield code="b">J-Freihand-Magazin</subfield>
      <subfield code="9">09</subfield>
    </datafield>
    <datafield tag="852" ind1=" " ind2=" ">
      <subfield code="a">DE-700</subfield>
    </datafield>
    <datafield tag="859" ind1="0" ind2="0">
      <subfield code="8">1.1\x</subfield>
      <subfield code="a">1</subfield>
      <subfield code="i">1902</subfield>
    </datafield>
    <datafield tag="859" ind1="1" ind2="0">
      <subfield code="8">1.2\x</subfield>
      <subfield code="a">19</subfield>
      <subfield code="i">1920</subfield>
    </datafield>
    <datafield tag="933" ind1=" " ind2=" ">
      <subfield code="a">CC0</subfield>
    </datafield>
  </record>
  <record type="Holdings">
    <leader>00000ny  a22000003n 4500</leader>
    <controlfield tag="001">1022315048</controlfield>
    <controlfield tag="003">DE-101</controlfield>
    <controlfield tag="005">20230927092427.0</controlfield>
    <controlfield tag="008">230927||||||||||||||||ger|||||||</controlfield>
    <datafield tag="092" ind1=" " ind2=" ">
      <subfield code="a">568101-7</subfield>
      <subfield code="d">Sol 1</subfield>
      <subfield code="k">NRW</subfield>
      <subfield code="l">b</subfield>
      <subfield code="o">d</subfield>
      <subfield code="y">wk</subfield>
    </datafield>
    <datafield tag="852" ind1=" " ind2="1">
      <subfield code="c">I C 22</subfield>
      <subfield code="9">00</subfield>
    </datafield>
    <datafield tag="852" ind1=" " ind2=" ">
      <subfield code="a">DE-Sol1</subfield>
    </datafield>
    <datafield tag="859" ind1="0" ind2="0">
      <subfield code="8">1.1\x</subfield>
      <subfield code="a">1</subfield>
      <subfield code="i">1902</subfield>
    </datafield>
    <datafield tag="859" ind1="1" ind2="0">
      <subfield code="8">1.2\x</subfield>
      <subfield code="a">19</subfield>
      <subfield code="i">1920</subfield>
    </datafield>
    <datafield tag="866" ind1="3" ind2="0">
      <subfield code="a">1.1902 - 19.1920</subfield>
    </datafield>
    <datafield tag="933" ind1=" " ind2=" ">
      <subfield code="a">CC0</subfield>
    </datafield>
  </record>
  <record type="Holdings">
    <leader>00000ny  a22000003n 4500</leader>
    <controlfield tag="001">05445624X</controlfield>
    <controlfield tag="003">DE-101</controlfield>
    <controlfield tag="005">20150811120629.0</controlfield>
    <controlfield tag="008">000505||||||||||||||||ger|||||||</controlfield>
    <datafield tag="092" ind1=" " ind2=" ">
      <subfield code="a">758000-9</subfield>
      <subfield code="d">208</subfield>
      <subfield code="k">BAW</subfield>
      <subfield code="l">a</subfield>
      <subfield code="o">b</subfield>
    </datafield>
    <datafield tag="094" ind1=" " ind2=" ">
      <subfield code="a">PD 1000</subfield>
    </datafield>
    <datafield tag="094" ind1=" " ind2=" ">
      <subfield code="a">PD 7304</subfield>
    </datafield>
    <datafield tag="852" ind1=" " ind2=" ">
      <subfield code="8">1</subfield>
    </datafield>
    <datafield tag="852" ind1=" " ind2="1">
      <subfield code="c">PD 1215</subfield>
      <subfield code="=">k</subfield>
      <subfield code="9">00</subfield>
    </datafield>
    <datafield tag="852" ind1=" " ind2=" ">
      <subfield code="a">DE-208</subfield>
    </datafield>
    <datafield tag="859" ind1="0" ind2="0">
      <subfield code="8">1.1\x</subfield>
      <subfield code="a">1</subfield>
      <subfield code="i">1902</subfield>
    </datafield>
    <datafield tag="859" ind1="1" ind2="0">
      <subfield code="8">1.2\x</subfield>
      <subfield code="a">20</subfield>
      <subfield code="i">1921</subfield>
    </datafield>
    <datafield tag="866" ind1="3" ind2="0">
      <subfield code="a">1.1902 - 20.1921,5</subfield>
    </datafield>
    <datafield tag="933" ind1=" " ind2=" ">
      <subfield code="a">CC0</subfield>
    </datafield>
  </record>
  <record type="Holdings">
    <leader>00000ny  a22000003n 4500</leader>
    <controlfield tag="001">232098425</controlfield>
    <controlfield tag="003">DE-101</controlfield>
    <controlfield tag="005">20120301175036.0</controlfield>
    <controlfield tag="008">120301||||||||||||||||ger|||||||</controlfield>
    <datafield tag="092" ind1=" " ind2=" ">
      <subfield code="a">468364-X</subfield>
      <subfield code="d">364</subfield>
      <subfield code="k">NRW</subfield>
      <subfield code="l">a</subfield>
      <subfield code="o">b</subfield>
    </datafield>
    <datafield tag="852" ind1=" " ind2=" ">
      <subfield code="8">1</subfield>
    </datafield>
    <datafield tag="852" ind1=" " ind2="1">
      <subfield code="c">Z 1323 4°</subfield>
      <subfield code="=">k</subfield>
      <subfield code="9">00</subfield>
    </datafield>
    <datafield tag="852" ind1=" " ind2=" ">
      <subfield code="a">DE-364</subfield>
    </datafield>
    <datafield tag="859" ind1="0" ind2="0">
      <subfield code="8">1.1\x</subfield>
      <subfield code="i">1915</subfield>
    </datafield>
    <datafield tag="866" ind1="3" ind2="0">
      <subfield code="a">1915</subfield>
    </datafield>
    <datafield tag="933" ind1=" " ind2=" ">
      <subfield code="a">CC0</subfield>
    </datafield>
  </record>
  <record type="Holdings">
    <leader>00000ny  a22000003n 4500</leader>
    <controlfield tag="001">013483528</controlfield>
    <controlfield tag="003">DE-101</controlfield>
    <controlfield tag="005">20130509000224.0</controlfield>
    <controlfield tag="008">991204||||||||||||||||ger|||||||</controlfield>
    <datafield tag="035" ind1=" " ind2=" ">
      <subfield code="a">(DE-600)3980942-0</subfield>
    </datafield>
    <datafield tag="092" ind1=" " ind2=" ">
      <subfield code="a">180177-6</subfield>
      <subfield code="d">B 177</subfield>
      <subfield code="k">BER</subfield>
      <subfield code="l">b</subfield>
      <subfield code="o">d</subfield>
    </datafield>
    <datafield tag="852" ind1=" " ind2=" ">
      <subfield code="8">1</subfield>
    </datafield>
    <datafield tag="852" ind1=" " ind2="1">
      <subfield code="c">Z 127</subfield>
      <subfield code="9">00</subfield>
    </datafield>
    <datafield tag="852" ind1=" " ind2=" ">
      <subfield code="a">DE-B177</subfield>
    </datafield>
    <datafield tag="859" ind1="0" ind2="0">
      <subfield code="8">1.1\x</subfield>
      <subfield code="a">6</subfield>
      <subfield code="i">1907</subfield>
    </datafield>
    <datafield tag="859" ind1="1" ind2="0">
      <subfield code="8">1.2\x</subfield>
      <subfield code="a">14</subfield>
      <subfield code="i">1915</subfield>
    </datafield>
    <datafield tag="859" ind1="0" ind2="0">
      <subfield code="8">2.1\x</subfield>
      <subfield code="a">19</subfield>
      <subfield code="i">1920</subfield>
    </datafield>
    <datafield tag="866" ind1="3" ind2="0">
      <subfield code="a">6.1907 - 14.1915; 19.1920</subfield>
    </datafield>
    <datafield tag="933" ind1=" " ind2=" ">
      <subfield code="a">CC0</subfield>
    </datafield>
  </record>
</collection></recordData><recordPosition>16</recordPosition></record>