<record><recordSchema>MARC21plus-xml</recordSchema><recordPacking>xml</recordPacking><recordData><collection xmlns="http://www.loc.gov/MARC21/slim">
  <record type="Bibliographic">
    <leader>00000nas a2200000 c 4500</leader>
    <controlfield tag="001">011182059</controlfield>
    <controlfield tag="003">DE-101</controlfield>
    <controlfield tag="005">20250212200401.0</controlfield>
    <controlfield tag="007">tu</controlfield>
    <controlfield tag="007">hd bfb000baap</controlfield>
    <controlfield tag="008">991119d19361939xx u||p   ||| 0||||1ger c</controlfield>
    <datafield tag="016" ind1="7" ind2=" ">
      <subfield code="2">DE-600</subfield>
      <subfield code="a">205752-9</subfield>
    </datafield>
    <datafield tag="016" ind1="7" ind2=" ">
      <subfield code="2">DE-101</subfield>
      <subfield code="a">011182059</subfield>
    </datafield>
    <datafield tag="035" ind1=" " ind2=" ">
      <subfield code="a">(DE-599)ZDB205752-9</subfield>
    </datafield>
    <datafield tag="035" ind1=" " ind2=" ">
      <subfield code="a">(OCoLC)1369263161</subfield>
    </datafield>
    <datafield tag="040" ind1=" " ind2=" ">
      <subfield code="a">9001</subfield>
      <subfield code="b">ger</subfield>
      <subfield code="c">DE-101</subfield>
      <subfield code="d">9999</subfield>
    </datafield>
    <datafield tag="041" ind1=" " ind2=" ">
      <subfield code="a">ger</subfield>
    </datafield>
    <datafield tag="042" ind1=" " ind2=" ">
      <subfield code="a">zdb</subfield>
    </datafield>
    <datafield tag="044" ind1=" " ind2=" ">
      <subfield code="c">XA-DXDE</subfield>
    </datafield>
    <datafield tag="082" ind1="7" ind2="4">
      <subfield code="a">340</subfield>
      <subfield code="a">330</subfield>
      <subfield code="q">DE-600</subfield>
      <subfield code="2">22sdnb</subfield>
    </datafield>
    <datafield tag="084" ind1=" " ind2=" ">
      <subfield code="a">Da 089</subfield>
      <subfield code="2">ifzs</subfield>
    </datafield>
    <datafield tag="084" ind1=" " ind2=" ">
      <subfield code="a">PB 1050</subfield>
      <subfield code="a">PE 100</subfield>
      <subfield code="2">rvk</subfield>
    </datafield>
    <datafield tag="090" ind1=" " ind2=" ">
      <subfield code="n">sm</subfield>
    </datafield>
    <datafield tag="245" ind1="0" ind2="0">
      <subfield code="a">Ministerialblatt für Wirtschaft</subfield>
      <subfield code="c">hrsg. vom Reichs-Wirtschaftsministerium</subfield>
    </datafield>
    <datafield tag="247" ind1="0" ind2="0">
      <subfield code="a">Ministerialblatt des Reichswirtschaftsministerium</subfield>
      <subfield code="f">Gesamttitelbl. von 39.1939</subfield>
    </datafield>
    <datafield tag="264" ind1="3" ind2="1">
      <subfield code="a">Berlin</subfield>
      <subfield code="b">Heymanns</subfield>
      <subfield code="c">1936-1939</subfield>
    </datafield>
    <datafield tag="336" ind1=" " ind2=" ">
      <subfield code="a">Text</subfield>
      <subfield code="b">txt</subfield>
      <subfield code="2">rdacontent</subfield>
    </datafield>
    <datafield tag="337" ind1=" " ind2=" ">
      <subfield code="a">ohne Hilfsmittel zu benutzen</subfield>
      <subfield code="b">n</subfield>
      <subfield code="2">rdamedia</subfield>
    </datafield>
    <datafield tag="337" ind1=" " ind2=" ">
      <subfield code="a">Mikroform</subfield>
      <subfield code="b">h</subfield>
      <subfield code="2">rdamedia</subfield>
    </datafield>
    <datafield tag="338" ind1=" " ind2=" ">
      <subfield code="a">Band</subfield>
      <subfield code="b">nc</subfield>
      <subfield code="2">rdacarrier</subfield>
    </datafield>
    <datafield tag="338" ind1=" " ind2=" ">
      <subfield code="a">Mikrofilmrolle</subfield>
      <subfield code="b">hj</subfield>
      <subfield code="2">rdacarrier</subfield>
    </datafield>
    <datafield tag="362" ind1="0" ind2=" ">
      <subfield code="a">36.1936 - 39.1939,21</subfield>
    </datafield>
    <datafield tag="363" ind1="0" ind2="0">
      <subfield code="8">1.1\x</subfield>
      <subfield code="a">36</subfield>
      <subfield code="i">1936</subfield>
    </datafield>
    <datafield tag="363" ind1="1" ind2="0">
      <subfield code="8">1.2\x</subfield>
      <subfield code="a">39</subfield>
      <subfield code="b">21</subfield>
      <subfield code="i">1939</subfield>
    </datafield>
    <datafield tag="530" ind1=" " ind2=" ">
      <subfield code="a">Mikrofilm-Ausg.: Berlin : Staatsbibliothek zu Berlin, 1999</subfield>
    </datafield>
    <datafield tag="533" ind1=" " ind2=" ">
      <subfield code="7">d19991999</subfield>
      <subfield code="a">Mikrofilm-Ausg.</subfield>
      <subfield code="b">Berlin</subfield>
      <subfield code="c">Staatsbibliothek zu Berlin</subfield>
    </datafield>
    <datafield tag="655" ind1=" " ind2="7">
      <subfield code="0">(DE-588)4067488-5</subfield>
      <subfield code="0">https://d-nb.info/gnd/4067488-5</subfield>
      <subfield code="0">(DE-101)040674886</subfield>
      <subfield code="a">Zeitschrift</subfield>
      <subfield code="2">gnd-content</subfield>
    </datafield>
    <datafield tag="710" ind1="1" ind2=" ">
      <subfield code="0">(DE-588)35244-5</subfield>
      <subfield code="0">https://d-nb.info/gnd/35244-5</subfield>
      <subfield code="0">(DE-101)000352446</subfield>
      <subfield code="a">Deutsches Reich</subfield>
      <subfield code="b">Reichswirtschaftsministerium</subfield>
      <subfield code="e">Herausgebendes Organ</subfield>
      <subfield code="4">isb</subfield>
      <subfield code="2">gnd</subfield>
    </datafield>
    <datafield tag="780" ind1="0" ind2="0">
      <subfield code="i">Vorg.:</subfield>
      <subfield code="t">Ministerialblatt für Wirtschaft und Arbeit</subfield>
      <subfield code="d">Berlin : [Verlag nicht ermittelbar], 1933-1935</subfield>
      <subfield code="w">(DE-600)962156-8</subfield>
      <subfield code="w">(DE-101)010123539</subfield>
    </datafield>
    <datafield tag="785" ind1="0" ind2="0">
      <subfield code="i">Forts.:</subfield>
      <subfield code="a">Deutsches Reich / Reichswirtschaftsministerium</subfield>
      <subfield code="t">Ministerialblatt des Reichswirtschaftsministeriums</subfield>
      <subfield code="d">Berlin : Heymanns, 1939-1945</subfield>
      <subfield code="w">(DE-600)205824-8</subfield>
      <subfield code="w">(DE-101)011182709</subfield>
    </datafield>
    <datafield tag="850" ind1=" " ind2=" ">
      <subfield code="a">DE-101a</subfield>
    </datafield>
  </record>

  <record type="Holdings">
    <leader>00000ny  a22000003n 4500</leader>
    <controlfield tag="001">091188563</controlfield>
    <controlfield tag="003">DE-101</controlfield>
    <controlfield tag="005">20080823232722.0</controlfield>
    <controlfield tag="008">040120||||||||||||||||ger|||||||</controlfield>
    <datafield tag="035" ind1=" " ind2=" ">
      <subfield code="a">(XX-XxUND)2634/0579</subfield>
    </datafield>
    <datafield tag="092" ind1=" " ind2=" ">
      <subfield code="a">950200-2</subfield>
      <subfield code="d">101a</subfield>
      <subfield code="k">SAX</subfield>
      <subfield code="l">a</subfield>
      <subfield code="o">b</subfield>
    </datafield>
    <datafield tag="541" ind1=" " ind2=" ">
      <subfield code="e">L-1936-091188563</subfield>
    </datafield>
    <datafield tag="852" ind1=" " ind2=" ">
      <subfield code="8">1</subfield>
    </datafield>
    <datafield tag="852" ind1=" " ind2="1">
      <subfield code="c">ZC 2126</subfield>
      <subfield code="9">00</subfield>
    </datafield>
    <datafield tag="852" ind1=" " ind2=" ">
      <subfield code="a">DE-101a</subfield>
    </datafield>
    <datafield tag="866" ind1="3" ind2="0">
      <subfield code="a">36.1936 - 38.1938</subfield>
    </datafield>
    <datafield tag="933" ind1=" " ind2=" ">
      <subfield code="a">CC0</subfield>
    </datafield>
  </record>
  <record type="Holdings">
    <leader>00000ny  a22000003n 4500</leader>
    <controlfield tag="001">838614132</controlfield>
    <controlfield tag="003">DE-101</controlfield>
    <controlfield tag="005">20221012042816.0</controlfield>
    <controlfield tag="008">991204||||||||||||||||ger|||||||</controlfield>
    <datafield tag="035" ind1=" " ind2=" ">
      <subfield code="a">(DE-601)242455093</subfield>
    </datafield>
    <datafield tag="035" ind1=" " ind2=" ">
      <subfield code="a">(DE-1a)129488887</subfield>
    </datafield>
    <datafield tag="092" ind1=" " ind2=" ">
      <subfield code="a">101005-0</subfield>
      <subfield code="d">1a</subfield>
      <subfield code="k">BER</subfield>
      <subfield code="l">a</subfield>
      <subfield code="o">c</subfield>
    </datafield>
    <datafield tag="852" ind1=" " ind2=" ">
      <subfield code="8">1</subfield>
    </datafield>
    <datafield tag="852" ind1=" " ind2="1">
      <subfield code="c">Zsn 17085</subfield>
      <subfield code="m">u</subfield>
      <subfield code="=">l</subfield>
      <subfield code="9">00</subfield>
    </datafield>
    <datafield tag="852" ind1=" " ind2="2">
      <subfield code="b">Außenmagazin</subfield>
      <subfield code="9">09</subfield>
    </datafield>
    <datafield tag="852" ind1=" " ind2=" ">
      <subfield code="a">DE-1a</subfield>
    </datafield>
    <datafield tag="859" ind1="0" ind2="0">
      <subfield code="8">1.1\x</subfield>
      <subfield code="a">36</subfield>
      <subfield code="i">1936</subfield>
    </datafield>
    <datafield tag="859" ind1="1" ind2="0">
      <subfield code="8">1.2\x</subfield>
      <subfield code="a">39</subfield>
      <subfield code="i">1939</subfield>
    </datafield>
    <datafield tag="866" ind1="3" ind2="0">
      <subfield code="a">36.1936 - 39.1939</subfield>
    </datafield>
    <datafield tag="933" ind1=" " ind2=" ">
      <subfield code="a">CC0</subfield>
    </datafield>
  </record>
  <record type="Holdings">
    <leader>00000ny  a22000003n 4500</leader>
    <controlfield tag="001">838614140</controlfield>
    <controlfield tag="003">DE-101</controlfield>
    <controlfield tag="005">20221012042816.0</controlfield>
    <controlfield tag="007">hb ubfb00uaap</controlfield>
    <controlfield tag="008">991204||||||||||||||||ger|||||||</controlfield>
    <datafield tag="035" ind1=" " ind2=" ">
      <subfield code="a">(DE-601)417633491</subfield>
    </datafield>
    <datafield tag="035" ind1=" " ind2=" ">
      <subfield code="a">(DE-1)129488887</subfield>
    </datafield>
    <datafield tag="092" ind1=" " ind2=" ">
      <subfield code="a">910107-X</subfield>
      <subfield code="d">1</subfield>
      <subfield code="k">BER</subfield>
      <subfield code="l">a</subfield>
      <subfield code="o">c</subfield>
    </datafield>
    <datafield tag="583" ind1=" " ind2=" ">
      <subfield code="h">Verfilmungsurheber: Verfilmungsurheber: Staatsbibliothek zu Berlin</subfield>
    </datafield>
    <datafield tag="843" ind1=" " ind2=" ">
      <subfield code="b">Kossenblatt</subfield>
      <subfield code="c">Mikrofilm-Center Kossenblatt</subfield>
    </datafield>
    <datafield tag="852" ind1=" " ind2=" ">
      <subfield code="8">2</subfield>
    </datafield>
    <datafield tag="852" ind1=" " ind2="1">
      <subfield code="c">Gm 3266 MR</subfield>
      <subfield code="m">d</subfield>
      <subfield code="=">l</subfield>
      <subfield code="9">00</subfield>
    </datafield>
    <datafield tag="852" ind1=" " ind2=" ">
      <subfield code="3">36.1936 - 39.1939,21</subfield>
      <subfield code="a">1</subfield>
      <subfield code="c">4 Gm 3266(a)</subfield>
      <subfield code="z">Vorlage: </subfield>
    </datafield>
    <datafield tag="852" ind1=" " ind2=" ">
      <subfield code="a">1</subfield>
      <subfield code="c">Gm 3266 MR</subfield>
      <subfield code="z">Master: </subfield>
    </datafield>
    <datafield tag="852" ind1=" " ind2=" ">
      <subfield code="a">DE-1</subfield>
    </datafield>
    <datafield tag="859" ind1="0" ind2="0">
      <subfield code="8">1.1\x</subfield>
      <subfield code="a">36</subfield>
      <subfield code="i">1936</subfield>
    </datafield>
    <datafield tag="859" ind1="1" ind2="0">
      <subfield code="8">1.2\x</subfield>
      <subfield code="a">39</subfield>
      <subfield code="i">1939</subfield>
    </datafield>
    <datafield tag="866" ind1="3" ind2="0">
      <subfield code="a">36.1936 - 39.1939,21</subfield>
    </datafield>
    <datafield tag="866" ind1=" " ind2="0">
      <subfield code="z">Masterfilm</subfield>
    </datafield>
    <datafield tag="933" ind1=" " ind2=" ">
      <subfield code="a">CC0</subfield>
    </datafield>
  </record>
  <record type="Holdings">
    <leader>00000ny  a22000003n 4500</leader>
    <controlfield tag="001">838614159</controlfield>
    <controlfield tag="003">DE-101</controlfield>
    <controlfield tag="005">20221012042816.0</controlfield>
    <controlfield tag="008">991204||||||||||||||||ger|||||||</controlfield>
    <datafield tag="035" ind1=" " ind2=" ">
      <subfield code="a">(DE-601)417633505</subfield>
    </datafield>
    <datafield tag="035" ind1=" " ind2=" ">
      <subfield code="a">(DE-1)129488887</subfield>
    </datafield>
    <datafield tag="092" ind1=" " ind2=" ">
      <subfield code="a">910107-X</subfield>
      <subfield code="d">1</subfield>
      <subfield code="k">BER</subfield>
      <subfield code="l">a</subfield>
      <subfield code="o">c</subfield>
    </datafield>
    <datafield tag="852" ind1=" " ind2=" ">
      <subfield code="8">3</subfield>
    </datafield>
    <datafield tag="852" ind1=" " ind2="1">
      <subfield code="c">&#152;4"&#156;Gm 3266&lt;a></subfield>
      <subfield code="m">d</subfield>
      <subfield code="=">l</subfield>
      <subfield code="9">00</subfield>
    </datafield>
    <datafield tag="852" ind1=" " ind2=" ">
      <subfield code="a">DE-1</subfield>
    </datafield>
    <datafield tag="859" ind1="0" ind2="0">
      <subfield code="8">1.1\x</subfield>
      <subfield code="a">36</subfield>
      <subfield code="i">1936</subfield>
    </datafield>
    <datafield tag="859" ind1="1" ind2="0">
      <subfield code="8">1.2\x</subfield>
      <subfield code="a">39</subfield>
      <subfield code="i">1939</subfield>
    </datafield>
    <datafield tag="866" ind1="3" ind2="0">
      <subfield code="a">36.1936 - 39.1939,21</subfield>
    </datafield>
    <datafield tag="933" ind1=" " ind2=" ">
      <subfield code="a">CC0</subfield>
    </datafield>
  </record>
  <record type="Holdings">
    <leader>00000ny  a22000003n 4500</leader>
    <controlfield tag="001">805781560</controlfield>
    <controlfield tag="003">DE-101</controlfield>
    <controlfield tag="005">20241112213649.0</controlfield>
    <controlfield tag="008">071220||||||||||||||||ger|||||||</controlfield>
    <datafield tag="035" ind1=" " ind2=" ">
      <subfield code="a">(DE-601)853433178</subfield>
    </datafield>
    <datafield tag="035" ind1=" " ind2=" ">
      <subfield code="a">(DE-B41)129488887</subfield>
    </datafield>
    <datafield tag="092" ind1=" " ind2=" ">
      <subfield code="a">180041-3</subfield>
      <subfield code="d">B 41</subfield>
      <subfield code="k">BER</subfield>
      <subfield code="l">b</subfield>
      <subfield code="o">d</subfield>
    </datafield>
    <datafield tag="852" ind1=" " ind2=" ">
      <subfield code="8">1</subfield>
    </datafield>
    <datafield tag="852" ind1=" " ind2="1">
      <subfield code="c">54b 27</subfield>
      <subfield code="m">i</subfield>
      <subfield code="=">n</subfield>
      <subfield code="9">00</subfield>
    </datafield>
    <datafield tag="852" ind1=" " ind2=" ">
      <subfield code="a">DE-B41</subfield>
    </datafield>
    <datafield tag="859" ind1="0" ind2="0">
      <subfield code="8">1.1\x</subfield>
      <subfield code="a">36</subfield>
      <subfield code="i">1936</subfield>
    </datafield>
    <datafield tag="859" ind1="1" ind2="0">
      <subfield code="8">1.2\x</subfield>
      <subfield code="a">39</subfield>
      <subfield code="i">1939</subfield>
    </datafield>
    <datafield tag="866" ind1="3" ind2="0">
      <subfield code="a">36.1936 - 39.1939,21</subfield>
    </datafield>
    <datafield tag="933" ind1=" " ind2=" ">
      <subfield code="a">CC0</subfield>
    </datafield>
  </record>
  <record type="Holdings">
    <leader>00000ny  a22000003n 4500</leader>
    <controlfield tag="001">80578148X</controlfield>
    <controlfield tag="003">DE-101</controlfield>
    <controlfield tag="005">20220910073416.0</controlfield>
    <controlfield tag="008">010308||||||||||||||||ger|||||||</controlfield>
    <datafield tag="035" ind1=" " ind2=" ">
      <subfield code="a">(DE-601)473694425</subfield>
    </datafield>
    <datafield tag="035" ind1=" " ind2=" ">
      <subfield code="a">(DE-3)129488887</subfield>
    </datafield>
    <datafield tag="092" ind1=" " ind2=" ">
      <subfield code="a">931000-9</subfield>
      <subfield code="d">3</subfield>
      <subfield code="k">SAA</subfield>
      <subfield code="l">a</subfield>
      <subfield code="o">d</subfield>
    </datafield>
    <datafield tag="852" ind1=" " ind2=" ">
      <subfield code="8">1</subfield>
    </datafield>
    <datafield tag="852" ind1=" " ind2="1">
      <subfield code="c">AB Ww 165</subfield>
      <subfield code="m">i</subfield>
      <subfield code="=">n</subfield>
      <subfield code="9">00</subfield>
    </datafield>
    <datafield tag="852" ind1=" " ind2="2">
      <subfield code="b">M2</subfield>
      <subfield code="9">09</subfield>
    </datafield>
    <datafield tag="852" ind1=" " ind2=" ">
      <subfield code="a">DE-3</subfield>
    </datafield>
    <datafield tag="859" ind1="0" ind2="0">
      <subfield code="8">1.1\x</subfield>
      <subfield code="a">36</subfield>
      <subfield code="i">1936</subfield>
    </datafield>
    <datafield tag="859" ind1="1" ind2="0">
      <subfield code="8">1.2\x</subfield>
      <subfield code="a">39</subfield>
      <subfield code="i">1939</subfield>
    </datafield>
    <datafield tag="866" ind1="3" ind2="0">
      <subfield code="a">36.1936 - 39.1939,21</subfield>
    </datafield>
    <datafield tag="933" ind1=" " ind2=" ">
      <subfield code="a">CC0</subfield>
    </datafield>
  </record>
  <record type="Holdings">
    <leader>00000ny  a22000003n 4500</leader>
    <controlfield tag="001">1125026537</controlfield>
    <controlfield tag="003">DE-101</controlfield>
    <controlfield tag="005">20240823160312.0</controlfield>
    <controlfield tag="008">240821||||||||||||||||ger|||||||</controlfield>
    <datafield tag="035" ind1=" " ind2=" ">
      <subfield code="a">(DE-605)22400822170006467</subfield>
    </datafield>
    <datafield tag="092" ind1=" " ind2=" ">
      <subfield code="a">532034-3</subfield>
      <subfield code="d">5/34</subfield>
      <subfield code="k">NRW</subfield>
      <subfield code="l">b</subfield>
      <subfield code="o">d</subfield>
    </datafield>
    <datafield tag="852" ind1=" " ind2=" ">
      <subfield code="8">1</subfield>
    </datafield>
    <datafield tag="852" ind1=" " ind2="1">
      <subfield code="c">Ad 33/1</subfield>
      <subfield code="9">00</subfield>
    </datafield>
    <datafield tag="852" ind1=" " ind2=" ">
      <subfield code="a">DE-5-34</subfield>
    </datafield>
    <datafield tag="859" ind1="0" ind2="0">
      <subfield code="8">1.1\x</subfield>
      <subfield code="a">39</subfield>
      <subfield code="i">1939</subfield>
    </datafield>
    <datafield tag="866" ind1="3" ind2="0">
      <subfield code="a">39.1939,1-21</subfield>
    </datafield>
    <datafield tag="933" ind1=" " ind2=" ">
      <subfield code="a">CC0</subfield>
    </datafield>
  </record>
  <record type="Holdings">
    <leader>00000ny  a22000003n 4500</leader>
    <controlfield tag="001">014031809</controlfield>
    <controlfield tag="003">DE-101</controlfield>
    <controlfield tag="005">20240303022057.0</controlfield>
    <controlfield tag="008">991204||||||||||||||||ger|||||||</controlfield>
    <datafield tag="035" ind1=" " ind2=" ">
      <subfield code="a">(DE-605)22498265550006449</subfield>
    </datafield>
    <datafield tag="092" ind1=" " ind2=" ">
      <subfield code="a">441000-2</subfield>
      <subfield code="d">6</subfield>
      <subfield code="k">NRW</subfield>
      <subfield code="l">a</subfield>
      <subfield code="o">c</subfield>
    </datafield>
    <datafield tag="852" ind1=" " ind2=" ">
      <subfield code="8">1</subfield>
    </datafield>
    <datafield tag="852" ind1=" " ind2="1">
      <subfield code="c">4' IZ 550</subfield>
      <subfield code="9">00</subfield>
    </datafield>
    <datafield tag="852" ind1=" " ind2=" ">
      <subfield code="a">DE-6</subfield>
    </datafield>
    <datafield tag="859" ind1="0" ind2="0">
      <subfield code="8">1.1\x</subfield>
      <subfield code="a">36</subfield>
      <subfield code="i">1936</subfield>
    </datafield>
    <datafield tag="859" ind1="1" ind2="0">
      <subfield code="8">1.2\x</subfield>
      <subfield code="a">39</subfield>
      <subfield code="i">1939</subfield>
    </datafield>
    <datafield tag="866" ind1="3" ind2="0">
      <subfield code="a">36.1936 - 39.1939</subfield>
    </datafield>
    <datafield tag="933" ind1=" " ind2=" ">
      <subfield code="a">CC0</subfield>
    </datafield>
  </record>
  <record type="Holdings">
    <leader>00000ny  a22000003n 4500</leader>
    <controlfield tag="001">805781463</controlfield>
    <controlfield tag="003">DE-101</controlfield>
    <controlfield tag="005">20240831224213.0</controlfield>
    <controlfield tag="008">941231||||||||||||||||ger|||||||</controlfield>
    <datafield tag="035" ind1=" " ind2=" ">
      <subfield code="a">(DE-601)145561461</subfield>
    </datafield>
    <datafield tag="035" ind1=" " ind2=" ">
      <subfield code="a">(DE-7)129488887</subfield>
    </datafield>
    <datafield tag="092" ind1=" " ind2=" ">
      <subfield code="a">341000-6</subfield>
      <subfield code="d">7</subfield>
      <subfield code="k">NIE</subfield>
      <subfield code="l">a</subfield>
      <subfield code="o">c</subfield>
    </datafield>
    <datafield tag="852" ind1=" " ind2=" ">
      <subfield code="8">1</subfield>
    </datafield>
    <datafield tag="852" ind1=" " ind2="1">
      <subfield code="c">4 H BOR UN I, 2230</subfield>
      <subfield code="m">b</subfield>
      <subfield code="=">l</subfield>
      <subfield code="9">00</subfield>
    </datafield>
    <datafield tag="852" ind1=" " ind2=" ">
      <subfield code="a">DE-7</subfield>
    </datafield>
    <datafield tag="859" ind1="0" ind2="0">
      <subfield code="8">1.1\x</subfield>
      <subfield code="a">36</subfield>
      <subfield code="i">1936</subfield>
    </datafield>
    <datafield tag="859" ind1="1" ind2="0">
      <subfield code="8">1.2\x</subfield>
      <subfield code="a">39</subfield>
      <subfield code="b">21</subfield>
      <subfield code="i">1939</subfield>
    </datafield>
    <datafield tag="866" ind1="3" ind2="0">
      <subfield code="a">36.1936 - 39.1939,21</subfield>
    </datafield>
    <datafield tag="933" ind1=" " ind2=" ">
      <subfield code="a">CC0</subfield>
    </datafield>
  </record>
  <record type="Holdings">
    <leader>00000ny  a22000003n 4500</leader>
    <controlfield tag="001">805781471</controlfield>
    <controlfield tag="003">DE-101</controlfield>
    <controlfield tag="005">20240831224213.0</controlfield>
    <controlfield tag="008">950322||||||||||||||||ger|||||||</controlfield>
    <datafield tag="035" ind1=" " ind2=" ">
      <subfield code="a">(DE-601)135162416</subfield>
    </datafield>
    <datafield tag="035" ind1=" " ind2=" ">
      <subfield code="a">(DE-7-037)129488887</subfield>
    </datafield>
    <datafield tag="092" ind1=" " ind2=" ">
      <subfield code="a">341037-7</subfield>
      <subfield code="d">7/037</subfield>
      <subfield code="k">NIE</subfield>
      <subfield code="l">b</subfield>
      <subfield code="o">d</subfield>
    </datafield>
    <datafield tag="852" ind1=" " ind2=" ">
      <subfield code="8">2</subfield>
    </datafield>
    <datafield tag="852" ind1=" " ind2="1">
      <subfield code="c">III A, 5510</subfield>
      <subfield code="m">i</subfield>
      <subfield code="=">n</subfield>
      <subfield code="9">00</subfield>
    </datafield>
    <datafield tag="852" ind1=" " ind2="2">
      <subfield code="b">7/037:DRG</subfield>
      <subfield code="9">09</subfield>
    </datafield>
    <datafield tag="852" ind1=" " ind2=" ">
      <subfield code="a">DE-7-037</subfield>
    </datafield>
    <datafield tag="859" ind1="0" ind2="0">
      <subfield code="8">1.1\x</subfield>
      <subfield code="a">36</subfield>
      <subfield code="i">1936</subfield>
    </datafield>
    <datafield tag="859" ind1="0" ind2="0">
      <subfield code="8">2.1\x</subfield>
      <subfield code="a">38</subfield>
      <subfield code="i">1938</subfield>
    </datafield>
    <datafield tag="859" ind1="1" ind2="0">
      <subfield code="8">2.2\x</subfield>
      <subfield code="a">39</subfield>
      <subfield code="b">21</subfield>
      <subfield code="i">1939</subfield>
    </datafield>
    <datafield tag="866" ind1="3" ind2="0">
      <subfield code="a">36.1936; 38.1938 - 39.1939,21</subfield>
    </datafield>
    <datafield tag="933" ind1=" " ind2=" ">
      <subfield code="a">CC0</subfield>
    </datafield>
  </record>
  <record type="Holdings">
    <leader>00000ny  a22000003n 4500</leader>
    <controlfield tag="001">805781420</controlfield>
    <controlfield tag="003">DE-101</controlfield>
    <controlfield tag="005">20240215182845.0</controlfield>
    <controlfield tag="008">960802||||||||||||||||ger|||||||</controlfield>
    <datafield tag="035" ind1=" " ind2=" ">
      <subfield code="a">(DE-601)313800960</subfield>
    </datafield>
    <datafield tag="035" ind1=" " ind2=" ">
      <subfield code="a">(DE-8)129488887</subfield>
    </datafield>
    <datafield tag="092" ind1=" " ind2=" ">
      <subfield code="a">231000-4</subfield>
      <subfield code="d">8</subfield>
      <subfield code="k">HAM</subfield>
      <subfield code="l">a</subfield>
      <subfield code="o">c</subfield>
    </datafield>
    <datafield tag="852" ind1=" " ind2=" ">
      <subfield code="8">1</subfield>
    </datafield>
    <datafield tag="852" ind1=" " ind2="1">
      <subfield code="c">Y 50</subfield>
      <subfield code="m">u</subfield>
      <subfield code="=">l</subfield>
      <subfield code="9">00</subfield>
    </datafield>
    <datafield tag="852" ind1=" " ind2="2">
      <subfield code="b">19</subfield>
      <subfield code="9">09</subfield>
    </datafield>
    <datafield tag="852" ind1=" " ind2=" ">
      <subfield code="a">DE-8</subfield>
    </datafield>
    <datafield tag="859" ind1="0" ind2="0">
      <subfield code="8">1.1\x</subfield>
      <subfield code="a">36</subfield>
      <subfield code="i">1936</subfield>
    </datafield>
    <datafield tag="859" ind1="1" ind2="0">
      <subfield code="8">1.2\x</subfield>
      <subfield code="a">38</subfield>
      <subfield code="i">1938</subfield>
    </datafield>
    <datafield tag="866" ind1="3" ind2="0">
      <subfield code="a">36.1936 - 38.1938</subfield>
    </datafield>
    <datafield tag="866" ind1=" " ind2="0">
      <subfield code="z">*1. - 39.1939 s. Folgetitel</subfield>
    </datafield>
    <datafield tag="933" ind1=" " ind2=" ">
      <subfield code="a">CC0</subfield>
    </datafield>
  </record>
  <record type="Holdings">
    <leader>00000ny  a22000003n 4500</leader>
    <controlfield tag="001">805781439</controlfield>
    <controlfield tag="003">DE-101</controlfield>
    <controlfield tag="005">20240215182845.0</controlfield>
    <controlfield tag="008">960802||||||||||||||||ger|||||||</controlfield>
    <datafield tag="035" ind1=" " ind2=" ">
      <subfield code="a">(DE-601)313801088</subfield>
    </datafield>
    <datafield tag="035" ind1=" " ind2=" ">
      <subfield code="a">(DE-8-3)129488887</subfield>
    </datafield>
    <datafield tag="092" ind1=" " ind2=" ">
      <subfield code="a">231003-X</subfield>
      <subfield code="d">8/3</subfield>
      <subfield code="k">HAM</subfield>
      <subfield code="l">b</subfield>
      <subfield code="o">d</subfield>
    </datafield>
    <datafield tag="852" ind1=" " ind2=" ">
      <subfield code="8">2</subfield>
    </datafield>
    <datafield tag="852" ind1=" " ind2="1">
      <subfield code="c">G IV 27</subfield>
      <subfield code="m">i</subfield>
      <subfield code="=">n</subfield>
      <subfield code="9">00</subfield>
    </datafield>
    <datafield tag="852" ind1=" " ind2="2">
      <subfield code="b">8/3</subfield>
      <subfield code="9">09</subfield>
    </datafield>
    <datafield tag="852" ind1=" " ind2=" ">
      <subfield code="a">DE-8-3</subfield>
    </datafield>
    <datafield tag="859" ind1="0" ind2="0">
      <subfield code="8">1.1\x</subfield>
      <subfield code="a">36</subfield>
      <subfield code="i">1936</subfield>
    </datafield>
    <datafield tag="859" ind1="1" ind2="0">
      <subfield code="8">1.2\x</subfield>
      <subfield code="a">38</subfield>
      <subfield code="i">1938</subfield>
    </datafield>
    <datafield tag="866" ind1="3" ind2="0">
      <subfield code="a">36.1936 - 38.1938</subfield>
    </datafield>
    <datafield tag="866" ind1=" " ind2="0">
      <subfield code="z">39.1939 s. Folgetitel</subfield>
    </datafield>
    <datafield tag="933" ind1=" " ind2=" ">
      <subfield code="a">CC0</subfield>
    </datafield>
  </record>
  <record type="Holdings">
    <leader>00000ny  a22000003n 4500</leader>
    <controlfield tag="001">805781552</controlfield>
    <controlfield tag="003">DE-101</controlfield>
    <controlfield tag="005">20220910073417.0</controlfield>
    <controlfield tag="008">150529||||||||||||||||ger|||||||</controlfield>
    <datafield tag="035" ind1=" " ind2=" ">
      <subfield code="a">(DE-601)1543555411</subfield>
    </datafield>
    <datafield tag="035" ind1=" " ind2=" ">
      <subfield code="a">(DE-138)129488887</subfield>
    </datafield>
    <datafield tag="092" ind1=" " ind2=" ">
      <subfield code="a">248138-8</subfield>
      <subfield code="d">138</subfield>
      <subfield code="k">HAM</subfield>
      <subfield code="l">a</subfield>
      <subfield code="o">d</subfield>
    </datafield>
    <datafield tag="852" ind1=" " ind2=" ">
      <subfield code="8">1</subfield>
    </datafield>
    <datafield tag="852" ind1=" " ind2="1">
      <subfield code="c">J 13</subfield>
      <subfield code="m">i</subfield>
      <subfield code="=">n</subfield>
      <subfield code="9">00</subfield>
    </datafield>
    <datafield tag="852" ind1=" " ind2=" ">
      <subfield code="a">DE-138</subfield>
    </datafield>
    <datafield tag="859" ind1="0" ind2="0">
      <subfield code="8">1.1\x</subfield>
      <subfield code="a">36</subfield>
      <subfield code="i">1936</subfield>
    </datafield>
    <datafield tag="859" ind1="1" ind2="0">
      <subfield code="8">1.2\x</subfield>
      <subfield code="a">38</subfield>
      <subfield code="i">1938</subfield>
    </datafield>
    <datafield tag="866" ind1="3" ind2="0">
      <subfield code="a">36.1936 - 38.1938</subfield>
    </datafield>
    <datafield tag="933" ind1=" " ind2=" ">
      <subfield code="a">CC0</subfield>
    </datafield>
  </record>
  <record type="Holdings">
    <leader>00000ny  a22000003n 4500</leader>
    <controlfield tag="001">805781498</controlfield>
    <controlfield tag="003">DE-101</controlfield>
    <controlfield tag="005">20220910073416.0</controlfield>
    <controlfield tag="008">200507||||||||||||||||ger|||||||</controlfield>
    <datafield tag="035" ind1=" " ind2=" ">
      <subfield code="a">(DE-601)192404385</subfield>
    </datafield>
    <datafield tag="035" ind1=" " ind2=" ">
      <subfield code="a">(DE-9)129488887</subfield>
    </datafield>
    <datafield tag="092" ind1=" " ind2=" ">
      <subfield code="a">922000-8</subfield>
      <subfield code="d">9</subfield>
      <subfield code="k">HAM</subfield>
      <subfield code="l">a</subfield>
      <subfield code="o">b</subfield>
    </datafield>
    <datafield tag="852" ind1=" " ind2=" ">
      <subfield code="8">1</subfield>
    </datafield>
    <datafield tag="852" ind1=" " ind2="1">
      <subfield code="c">726/Kl 26:5 4°</subfield>
      <subfield code="m">f</subfield>
      <subfield code="=">k</subfield>
      <subfield code="9">00</subfield>
    </datafield>
    <datafield tag="852" ind1=" " ind2="2">
      <subfield code="b">UB 726</subfield>
      <subfield code="9">09</subfield>
    </datafield>
    <datafield tag="852" ind1=" " ind2=" ">
      <subfield code="a">DE-9</subfield>
    </datafield>
    <datafield tag="859" ind1="0" ind2="0">
      <subfield code="8">1.1\x</subfield>
      <subfield code="a">36</subfield>
      <subfield code="i">1936</subfield>
    </datafield>
    <datafield tag="859" ind1="1" ind2="0">
      <subfield code="8">1.2\x</subfield>
      <subfield code="a">39</subfield>
      <subfield code="i">1939</subfield>
    </datafield>
    <datafield tag="866" ind1="3" ind2="0">
      <subfield code="a">36.1936 - 39.1939,21</subfield>
    </datafield>
    <datafield tag="933" ind1=" " ind2=" ">
      <subfield code="a">CC0</subfield>
    </datafield>
  </record>
  <record type="Holdings">
    <leader>00000ny  a22000003n 4500</leader>
    <controlfield tag="001">163859086</controlfield>
    <controlfield tag="003">DE-101</controlfield>
    <controlfield tag="005">20170530155254.0</controlfield>
    <controlfield tag="008">020611||||||||||||||||ger|||||||</controlfield>
    <datafield tag="035" ind1=" " ind2=" ">
      <subfield code="a">(DE-602)22559235220002882</subfield>
    </datafield>
    <datafield tag="092" ind1=" " ind2=" ">
      <subfield code="a">130000-3</subfield>
      <subfield code="d">11</subfield>
      <subfield code="k">BER</subfield>
      <subfield code="l">c</subfield>
      <subfield code="o">e</subfield>
    </datafield>
    <datafield tag="852" ind1=" " ind2=" ">
      <subfield code="8">1</subfield>
    </datafield>
    <datafield tag="852" ind1=" " ind2="1">
      <subfield code="c">QA 92791</subfield>
      <subfield code="9">00</subfield>
    </datafield>
    <datafield tag="852" ind1=" " ind2="2">
      <subfield code="b">Zeitschriften</subfield>
      <subfield code="9">09</subfield>
    </datafield>
    <datafield tag="852" ind1=" " ind2=" ">
      <subfield code="a">DE-11</subfield>
    </datafield>
    <datafield tag="859" ind1="0" ind2="0">
      <subfield code="8">1.1\x</subfield>
      <subfield code="a">38</subfield>
      <subfield code="i">1938</subfield>
    </datafield>
    <datafield tag="866" ind1="3" ind2="0">
      <subfield code="a">38.1938</subfield>
    </datafield>
    <datafield tag="866" ind1=" " ind2="0">
      <subfield code="x">Früher u.d. Sigel: 11/89</subfield>
    </datafield>
    <datafield tag="933" ind1=" " ind2=" ">
      <subfield code="a">CC0</subfield>
    </datafield>
  </record>
  <record type="Holdings">
    <leader>00000ny  a22000003n 4500</leader>
    <controlfield tag="001">054785634</controlfield>
    <controlfield tag="003">DE-101</controlfield>
    <controlfield tag="005">20240305180020.0</controlfield>
    <controlfield tag="008">161229||||||||||||||||ger|||||||</controlfield>
    <datafield tag="035" ind1=" " ind2=" ">
      <subfield code="a">(DE-602)22559235180002882</subfield>
    </datafield>
    <datafield tag="092" ind1=" " ind2=" ">
      <subfield code="a">130068-4</subfield>
      <subfield code="d">11/68</subfield>
      <subfield code="k">BER</subfield>
      <subfield code="l">a</subfield>
      <subfield code="o">b</subfield>
    </datafield>
    <datafield tag="852" ind1=" " ind2=" ">
      <subfield code="8">1</subfield>
    </datafield>
    <datafield tag="852" ind1=" " ind2="1">
      <subfield code="c">A 486</subfield>
      <subfield code="9">00</subfield>
    </datafield>
    <datafield tag="852" ind1=" " ind2="2">
      <subfield code="b">Geschlossenes Außenmagazin 18</subfield>
      <subfield code="9">09</subfield>
    </datafield>
    <datafield tag="852" ind1=" " ind2=" ">
      <subfield code="a">DE-11-68</subfield>
    </datafield>
    <datafield tag="859" ind1="0" ind2="0">
      <subfield code="8">1.1\x</subfield>
      <subfield code="a">36</subfield>
      <subfield code="i">1936</subfield>
    </datafield>
    <datafield tag="859" ind1="1" ind2="0">
      <subfield code="8">1.2\x</subfield>
      <subfield code="a">39</subfield>
      <subfield code="i">1939</subfield>
    </datafield>
    <datafield tag="866" ind1="3" ind2="0">
      <subfield code="a">36.1936 - 39.1939,21</subfield>
    </datafield>
    <datafield tag="933" ind1=" " ind2=" ">
      <subfield code="a">CC0</subfield>
    </datafield>
  </record>
  <record type="Holdings">
    <leader>00000ny  a22000003n 4500</leader>
    <controlfield tag="001">439323711</controlfield>
    <controlfield tag="003">DE-101</controlfield>
    <controlfield tag="005">20240222200831.0</controlfield>
    <controlfield tag="008">180309||||||||||||||||ger|||||||</controlfield>
    <datafield tag="035" ind1=" " ind2=" ">
      <subfield code="a">(DE-604)221456424900007356</subfield>
    </datafield>
    <datafield tag="092" ind1=" " ind2=" ">
      <subfield code="a">800100-5</subfield>
      <subfield code="d">12</subfield>
      <subfield code="k">BAY</subfield>
      <subfield code="l">a</subfield>
      <subfield code="o">c</subfield>
    </datafield>
    <datafield tag="852" ind1=" " ind2=" ">
      <subfield code="8"> A</subfield>
    </datafield>
    <datafield tag="852" ind1=" " ind2="1">
      <subfield code="c">4 Cam. 115 x</subfield>
      <subfield code="9">00</subfield>
    </datafield>
    <datafield tag="852" ind1=" " ind2=" ">
      <subfield code="a">DE-12</subfield>
    </datafield>
    <datafield tag="859" ind1="0" ind2="0">
      <subfield code="8">1.1\x</subfield>
      <subfield code="a">37</subfield>
      <subfield code="i">1937</subfield>
    </datafield>
    <datafield tag="866" ind1="3" ind2="0">
      <subfield code="a">37.1937</subfield>
    </datafield>
    <datafield tag="933" ind1=" " ind2=" ">
      <subfield code="a">CC0</subfield>
    </datafield>
  </record>
  <record type="Holdings">
    <leader>00000ny  a22000003n 4500</leader>
    <controlfield tag="001">014031876</controlfield>
    <controlfield tag="003">DE-101</controlfield>
    <controlfield tag="005">20030717180536.0</controlfield>
    <controlfield tag="008">991204||||||||||||||||ger|||||||</controlfield>
    <datafield tag="035" ind1=" " ind2=" ">
      <subfield code="a">(DE-600)4536863-6</subfield>
    </datafield>
    <datafield tag="092" ind1=" " ind2=" ">
      <subfield code="a">952000-4</subfield>
      <subfield code="d">15</subfield>
      <subfield code="k">SAX</subfield>
      <subfield code="l">a</subfield>
      <subfield code="o">b</subfield>
    </datafield>
    <datafield tag="852" ind1=" " ind2=" ">
      <subfield code="8">1</subfield>
    </datafield>
    <datafield tag="852" ind1=" " ind2="1">
      <subfield code="c">Jus.terr.94-d</subfield>
      <subfield code="9">00</subfield>
    </datafield>
    <datafield tag="852" ind1=" " ind2=" ">
      <subfield code="a">DE-15</subfield>
    </datafield>
    <datafield tag="859" ind1="0" ind2="0">
      <subfield code="8">1.1\x</subfield>
      <subfield code="a">36</subfield>
      <subfield code="i">1936</subfield>
    </datafield>
    <datafield tag="859" ind1="1" ind2="0">
      <subfield code="8">1.2\x</subfield>
      <subfield code="a">39</subfield>
      <subfield code="i">1939</subfield>
    </datafield>
    <datafield tag="866" ind1="3" ind2="0">
      <subfield code="a">36.1936 - 39.1939,21</subfield>
    </datafield>
    <datafield tag="933" ind1=" " ind2=" ">
      <subfield code="a">CC0</subfield>
    </datafield>
  </record>
  <record type="Holdings">
    <leader>00000ny  a22000003n 4500</leader>
    <controlfield tag="001">39016559X</controlfield>
    <controlfield tag="003">DE-101</controlfield>
    <controlfield tag="005">20161212173601.0</controlfield>
    <controlfield tag="008">161207||||||||||||||||ger|||||||</controlfield>
    <datafield tag="035" ind1=" " ind2=" ">
      <subfield code="a">(DE-603)796411891</subfield>
    </datafield>
    <datafield tag="092" ind1=" " ind2=" ">
      <subfield code="a">618460-1</subfield>
      <subfield code="d">460</subfield>
      <subfield code="k">HES</subfield>
      <subfield code="l">b</subfield>
      <subfield code="o">d</subfield>
    </datafield>
    <datafield tag="094" ind1=" " ind2=" ">
      <subfield code="a">AD 000194/00020</subfield>
    </datafield>
    <datafield tag="541" ind1=" " ind2=" ">
      <subfield code="e">1353/1978</subfield>
    </datafield>
    <datafield tag="852" ind1=" " ind2=" ">
      <subfield code="8">1</subfield>
    </datafield>
    <datafield tag="852" ind1=" " ind2="1">
      <subfield code="c">AD 194/20</subfield>
      <subfield code="9">00</subfield>
    </datafield>
    <datafield tag="852" ind1=" " ind2=" ">
      <subfield code="a">DE-460</subfield>
    </datafield>
    <datafield tag="859" ind1="0" ind2="0">
      <subfield code="8">1.1\x</subfield>
      <subfield code="a">37</subfield>
      <subfield code="i">1937</subfield>
    </datafield>
    <datafield tag="859" ind1="1" ind2="0">
      <subfield code="8">1.2\x</subfield>
      <subfield code="a">39</subfield>
      <subfield code="i">1939</subfield>
    </datafield>
    <datafield tag="866" ind1="3" ind2="0">
      <subfield code="a">37.1937 - 39.1939,21</subfield>
    </datafield>
    <datafield tag="933" ind1=" " ind2=" ">
      <subfield code="a">CC0</subfield>
    </datafield>
  </record>
  <record type="Holdings">
    <leader>00000ny  a22000003n 4500</leader>
    <controlfield tag="001">805781404</controlfield>
    <controlfield tag="003">DE-101</controlfield>
    <controlfield tag="005">20220910073416.0</controlfield>
    <controlfield tag="008">960603||||||||||||||||ger|||||||</controlfield>
    <datafield tag="035" ind1=" " ind2=" ">
      <subfield code="a">(DE-601)003689832</subfield>
    </datafield>
    <datafield tag="035" ind1=" " ind2=" ">
      <subfield code="a">(DE-18)129488887</subfield>
    </datafield>
    <datafield tag="092" ind1=" " ind2=" ">
      <subfield code="a">201000-8</subfield>
      <subfield code="d">18</subfield>
      <subfield code="k">HAM</subfield>
      <subfield code="l">a</subfield>
      <subfield code="o">b</subfield>
    </datafield>
    <datafield tag="852" ind1=" " ind2=" ">
      <subfield code="8">1</subfield>
    </datafield>
    <datafield tag="852" ind1=" " ind2="1">
      <subfield code="c">Y/247</subfield>
      <subfield code="m">s</subfield>
      <subfield code="=">k</subfield>
      <subfield code="9">00</subfield>
    </datafield>
    <datafield tag="852" ind1=" " ind2="2">
      <subfield code="b">SUB</subfield>
      <subfield code="9">09</subfield>
    </datafield>
    <datafield tag="852" ind1=" " ind2=" ">
      <subfield code="a">DE-18</subfield>
    </datafield>
    <datafield tag="859" ind1="0" ind2="0">
      <subfield code="8">1.1\x</subfield>
      <subfield code="a">36</subfield>
      <subfield code="i">1936</subfield>
    </datafield>
    <datafield tag="859" ind1="1" ind2="0">
      <subfield code="8">1.2\x</subfield>
      <subfield code="a">38</subfield>
      <subfield code="i">1938</subfield>
    </datafield>
    <datafield tag="866" ind1="3" ind2="0">
      <subfield code="a">36.1936 - 38.1938</subfield>
    </datafield>
    <datafield tag="933" ind1=" " ind2=" ">
      <subfield code="a">CC0</subfield>
    </datafield>
  </record>
  <record type="Holdings">
    <leader>00000ny  a22000003n 4500</leader>
    <controlfield tag="001">805781412</controlfield>
    <controlfield tag="003">DE-101</controlfield>
    <controlfield tag="005">20220910073416.0</controlfield>
    <controlfield tag="008">010808||||||||||||||||ger|||||||</controlfield>
    <datafield tag="035" ind1=" " ind2=" ">
      <subfield code="a">(DE-601)506747298</subfield>
    </datafield>
    <datafield tag="035" ind1=" " ind2=" ">
      <subfield code="a">(DE-H250)129488887</subfield>
    </datafield>
    <datafield tag="092" ind1=" " ind2=" ">
      <subfield code="a">208250-0</subfield>
      <subfield code="d">H 250</subfield>
      <subfield code="k">HAM</subfield>
      <subfield code="l">b</subfield>
      <subfield code="o">d</subfield>
    </datafield>
    <datafield tag="852" ind1=" " ind2=" ">
      <subfield code="8">3</subfield>
    </datafield>
    <datafield tag="852" ind1=" " ind2="1">
      <subfield code="c">I Za 25</subfield>
      <subfield code="m">i</subfield>
      <subfield code="=">n</subfield>
      <subfield code="9">00</subfield>
    </datafield>
    <datafield tag="852" ind1=" " ind2="2">
      <subfield code="b">H250</subfield>
      <subfield code="9">09</subfield>
    </datafield>
    <datafield tag="852" ind1=" " ind2=" ">
      <subfield code="a">DE-H250</subfield>
    </datafield>
    <datafield tag="859" ind1="0" ind2="0">
      <subfield code="8">1.1\x</subfield>
      <subfield code="a">36</subfield>
      <subfield code="i">1936</subfield>
    </datafield>
    <datafield tag="859" ind1="1" ind2="0">
      <subfield code="8">1.2\x</subfield>
      <subfield code="a">37</subfield>
      <subfield code="i">1937</subfield>
    </datafield>
    <datafield tag="866" ind1="3" ind2="0">
      <subfield code="a">36.1936 - 37.1937</subfield>
    </datafield>
    <datafield tag="933" ind1=" " ind2=" ">
      <subfield code="a">CC0</subfield>
    </datafield>
  </record>
  <record type="Holdings">
    <leader>00000ny  a22000003n 4500</leader>
    <controlfield tag="001">805781536</controlfield>
    <controlfield tag="003">DE-101</controlfield>
    <controlfield tag="005">20220910073416.0</controlfield>
    <controlfield tag="008">020228||||||||||||||||ger|||||||</controlfield>
    <datafield tag="035" ind1=" " ind2=" ">
      <subfield code="a">(DE-601)548247986</subfield>
    </datafield>
    <datafield tag="035" ind1=" " ind2=" ">
      <subfield code="a">(DE-H46)129488887</subfield>
    </datafield>
    <datafield tag="092" ind1=" " ind2=" ">
      <subfield code="a">208046-1</subfield>
      <subfield code="d">H 46</subfield>
      <subfield code="k">HAM</subfield>
      <subfield code="l">b</subfield>
      <subfield code="o">d</subfield>
    </datafield>
    <datafield tag="852" ind1=" " ind2=" ">
      <subfield code="8">1</subfield>
    </datafield>
    <datafield tag="852" ind1=" " ind2="1">
      <subfield code="c">X 240/0053</subfield>
      <subfield code="m">i</subfield>
      <subfield code="=">n</subfield>
      <subfield code="9">00</subfield>
    </datafield>
    <datafield tag="852" ind1=" " ind2=" ">
      <subfield code="a">DE-H46</subfield>
    </datafield>
    <datafield tag="859" ind1="0" ind2="0">
      <subfield code="8">1.1\x</subfield>
      <subfield code="a">36</subfield>
      <subfield code="i">1936</subfield>
    </datafield>
    <datafield tag="859" ind1="1" ind2="0">
      <subfield code="8">1.2\x</subfield>
      <subfield code="a">37</subfield>
      <subfield code="i">1937</subfield>
    </datafield>
    <datafield tag="866" ind1="3" ind2="0">
      <subfield code="a">36. 1936 - 37. 1937; 38. 1938 Nr. 1 - 11</subfield>
    </datafield>
    <datafield tag="933" ind1=" " ind2=" ">
      <subfield code="a">CC0</subfield>
    </datafield>
  </record>
  <record type="Holdings">
    <leader>00000ny  a22000003n 4500</leader>
    <controlfield tag="001">805781587</controlfield>
    <controlfield tag="003">DE-101</controlfield>
    <controlfield tag="005">20220910073417.0</controlfield>
    <controlfield tag="008">190930||||||||||||||||ger|||||||</controlfield>
    <datafield tag="035" ind1=" " ind2=" ">
      <subfield code="a">(DE-601)3519091496</subfield>
    </datafield>
    <datafield tag="035" ind1=" " ind2=" ">
      <subfield code="a">(DE-205)129488887</subfield>
    </datafield>
    <datafield tag="092" ind1=" " ind2=" ">
      <subfield code="a">208205-6</subfield>
      <subfield code="d">205</subfield>
      <subfield code="k">HAM</subfield>
      <subfield code="l">a</subfield>
      <subfield code="o">b</subfield>
    </datafield>
    <datafield tag="852" ind1=" " ind2=" ">
      <subfield code="8">1</subfield>
    </datafield>
    <datafield tag="852" ind1=" " ind2="1">
      <subfield code="c">174/72 4°</subfield>
      <subfield code="m">s</subfield>
      <subfield code="=">k</subfield>
      <subfield code="9">00</subfield>
    </datafield>
    <datafield tag="852" ind1=" " ind2="2">
      <subfield code="b">Magazin</subfield>
      <subfield code="9">09</subfield>
    </datafield>
    <datafield tag="852" ind1=" " ind2=" ">
      <subfield code="a">DE-205</subfield>
    </datafield>
    <datafield tag="866" ind1="3" ind2="0">
      <subfield code="a">Jg. 36.1936; 38.1938</subfield>
    </datafield>
    <datafield tag="866" ind1=" " ind2="0">
      <subfield code="z">Exemplare liegen in gedruckter Form vor</subfield>
    </datafield>
    <datafield tag="933" ind1=" " ind2=" ">
      <subfield code="a">CC0</subfield>
    </datafield>
  </record>
  <record type="Holdings">
    <leader>00000ny  a22000003n 4500</leader>
    <controlfield tag="001">124315674</controlfield>
    <controlfield tag="003">DE-101</controlfield>
    <controlfield tag="005">20070312220945.0</controlfield>
    <controlfield tag="008">070312||||||||||||||||ger|||||||</controlfield>
    <datafield tag="092" ind1=" " ind2=" ">
      <subfield code="a">808352-6</subfield>
      <subfield code="d">M 352</subfield>
      <subfield code="k">BAY</subfield>
      <subfield code="l">a</subfield>
      <subfield code="o">d</subfield>
    </datafield>
    <datafield tag="852" ind1=" " ind2=" ">
      <subfield code="8">A</subfield>
    </datafield>
    <datafield tag="852" ind1=" " ind2="0">
      <subfield code="=">n</subfield>
      <subfield code="9">00</subfield>
    </datafield>
    <datafield tag="852" ind1=" " ind2="2">
      <subfield code="b">11</subfield>
      <subfield code="c">11/Da 089.001</subfield>
      <subfield code="9">09</subfield>
    </datafield>
    <datafield tag="852" ind1=" " ind2=" ">
      <subfield code="a">DE-M352</subfield>
    </datafield>
    <datafield tag="859" ind1="0" ind2="0">
      <subfield code="8">1.1\x</subfield>
      <subfield code="a">36</subfield>
      <subfield code="i">1936</subfield>
    </datafield>
    <datafield tag="859" ind1="1" ind2="0">
      <subfield code="8">1.2\x</subfield>
      <subfield code="a">39</subfield>
      <subfield code="i">1939</subfield>
    </datafield>
    <datafield tag="866" ind1="3" ind2="0">
      <subfield code="a">36.1936 - 39.1939,21</subfield>
    </datafield>
    <datafield tag="933" ind1=" " ind2=" ">
      <subfield code="a">CC0</subfield>
    </datafield>
  </record>
  <record type="Holdings">
    <leader>00000ny  a22000003n 4500</leader>
    <controlfield tag="001">124315917</controlfield>
    <controlfield tag="003">DE-101</controlfield>
    <controlfield tag="005">20070312220945.0</controlfield>
    <controlfield tag="008">070312||||||||||||||||ger|||||||</controlfield>
    <datafield tag="092" ind1=" " ind2=" ">
      <subfield code="a">808352-6</subfield>
      <subfield code="d">M 352</subfield>
      <subfield code="k">BAY</subfield>
      <subfield code="l">a</subfield>
      <subfield code="o">d</subfield>
    </datafield>
    <datafield tag="852" ind1=" " ind2=" ">
      <subfield code="8">B</subfield>
    </datafield>
    <datafield tag="852" ind1=" " ind2="0">
      <subfield code="=">n</subfield>
      <subfield code="9">00</subfield>
    </datafield>
    <datafield tag="852" ind1=" " ind2="2">
      <subfield code="b">11</subfield>
      <subfield code="c">11/Da 089.001a</subfield>
      <subfield code="9">09</subfield>
    </datafield>
    <datafield tag="852" ind1=" " ind2=" ">
      <subfield code="a">DE-M352</subfield>
    </datafield>
    <datafield tag="859" ind1="0" ind2="0">
      <subfield code="8">1.1\x</subfield>
      <subfield code="a">36</subfield>
      <subfield code="i">1936</subfield>
    </datafield>
    <datafield tag="866" ind1="3" ind2="0">
      <subfield code="a">36.1936</subfield>
    </datafield>
    <datafield tag="933" ind1=" " ind2=" ">
      <subfield code="a">CC0</subfield>
    </datafield>
  </record>
  <record type="Holdings">
    <leader>00000ny  a22000003n 4500</leader>
    <controlfield tag="001">092089526</controlfield>
    <controlfield tag="003">DE-101</controlfield>
    <controlfield tag="005">20070312220945.0</controlfield>
    <controlfield tag="008">900326||||||||||||||||ger|||||||</controlfield>
    <datafield tag="035" ind1=" " ind2=" ">
      <subfield code="a">(DE-604)8041009979395</subfield>
    </datafield>
    <datafield tag="092" ind1=" " ind2=" ">
      <subfield code="a">810001-9</subfield>
      <subfield code="d">19</subfield>
      <subfield code="k">BAY</subfield>
      <subfield code="l">a</subfield>
      <subfield code="o">c</subfield>
    </datafield>
    <datafield tag="852" ind1=" " ind2=" ">
      <subfield code="8">40001    A</subfield>
    </datafield>
    <datafield tag="852" ind1=" " ind2="0">
      <subfield code="=">l</subfield>
      <subfield code="9">00</subfield>
    </datafield>
    <datafield tag="852" ind1=" " ind2="2">
      <subfield code="b">0001</subfield>
      <subfield code="c">0001/4 Polit. 1181</subfield>
      <subfield code="9">09</subfield>
    </datafield>
    <datafield tag="852" ind1=" " ind2=" ">
      <subfield code="a">DE-19</subfield>
    </datafield>
    <datafield tag="859" ind1="0" ind2="0">
      <subfield code="8">1.1\x</subfield>
      <subfield code="a">36</subfield>
      <subfield code="i">1936</subfield>
    </datafield>
    <datafield tag="859" ind1="1" ind2="0">
      <subfield code="8">1.2\x</subfield>
      <subfield code="a">39</subfield>
      <subfield code="i">1939</subfield>
    </datafield>
    <datafield tag="866" ind1="3" ind2="0">
      <subfield code="a">36.1936-39.1939,1-21</subfield>
    </datafield>
    <datafield tag="933" ind1=" " ind2=" ">
      <subfield code="a">CC0</subfield>
    </datafield>
  </record>
  <record type="Holdings">
    <leader>00000ny  a22000003n 4500</leader>
    <controlfield tag="001">014031922</controlfield>
    <controlfield tag="003">DE-101</controlfield>
    <controlfield tag="005">20030717180538.0</controlfield>
    <controlfield tag="008">991204||||||||||||||||ger|||||||</controlfield>
    <datafield tag="035" ind1=" " ind2=" ">
      <subfield code="a">(DE-600)599413-5</subfield>
    </datafield>
    <datafield tag="092" ind1=" " ind2=" ">
      <subfield code="a">700100-9</subfield>
      <subfield code="d">24</subfield>
      <subfield code="k">BAW</subfield>
      <subfield code="l">a</subfield>
      <subfield code="o">c</subfield>
    </datafield>
    <datafield tag="852" ind1=" " ind2=" ">
      <subfield code="8">1</subfield>
    </datafield>
    <datafield tag="852" ind1=" " ind2="1">
      <subfield code="c">Za 7005</subfield>
      <subfield code="9">00</subfield>
    </datafield>
    <datafield tag="852" ind1=" " ind2=" ">
      <subfield code="a">DE-24</subfield>
    </datafield>
    <datafield tag="859" ind1="0" ind2="0">
      <subfield code="8">1.1\x</subfield>
      <subfield code="a">36</subfield>
      <subfield code="i">1936</subfield>
    </datafield>
    <datafield tag="859" ind1="1" ind2="0">
      <subfield code="8">1.2\x</subfield>
      <subfield code="a">39</subfield>
      <subfield code="i">1939</subfield>
    </datafield>
    <datafield tag="866" ind1="3" ind2="0">
      <subfield code="a">36.1936 - 39.1939</subfield>
    </datafield>
    <datafield tag="933" ind1=" " ind2=" ">
      <subfield code="a">CC0</subfield>
    </datafield>
  </record>
  <record type="Holdings">
    <leader>00000ny  a22000003n 4500</leader>
    <controlfield tag="001">329382403</controlfield>
    <controlfield tag="003">DE-101</controlfield>
    <controlfield tag="005">20150810143513.0</controlfield>
    <controlfield tag="008">150708||||||||||||||||ger|||||||</controlfield>
    <datafield tag="092" ind1=" " ind2=" ">
      <subfield code="a">781000-3</subfield>
      <subfield code="d">25</subfield>
      <subfield code="k">BAW</subfield>
      <subfield code="l">a</subfield>
      <subfield code="o">c</subfield>
      <subfield code="y">3jur</subfield>
    </datafield>
    <datafield tag="852" ind1=" " ind2=" ">
      <subfield code="8">1</subfield>
    </datafield>
    <datafield tag="852" ind1=" " ind2="1">
      <subfield code="c">RE W/Q-20</subfield>
      <subfield code="9">00</subfield>
    </datafield>
    <datafield tag="852" ind1=" " ind2=" ">
      <subfield code="a">DE-25</subfield>
    </datafield>
    <datafield tag="859" ind1="0" ind2="0">
      <subfield code="8">1.1\x</subfield>
      <subfield code="a">37</subfield>
      <subfield code="i">1937</subfield>
    </datafield>
    <datafield tag="859" ind1="1" ind2="0">
      <subfield code="8">1.2\x</subfield>
      <subfield code="a">39</subfield>
      <subfield code="i">1939</subfield>
    </datafield>
    <datafield tag="866" ind1="3" ind2="0">
      <subfield code="a">37.1937 - 39.1939,21</subfield>
    </datafield>
    <datafield tag="933" ind1=" " ind2=" ">
      <subfield code="a">CC0</subfield>
    </datafield>
  </record>
  <record type="Holdings">
    <leader>00000ny  a22000003n 4500</leader>
    <controlfield tag="001">056636717</controlfield>
    <controlfield tag="003">DE-101</controlfield>
    <controlfield tag="005">20250310170031.0</controlfield>
    <controlfield tag="008">000522||||||||||||||||ger|||||||</controlfield>
    <datafield tag="035" ind1=" " ind2=" ">
      <subfield code="a">(DE-603)013979817</subfield>
    </datafield>
    <datafield tag="092" ind1=" " ind2=" ">
      <subfield code="a">631000-X</subfield>
      <subfield code="d">26</subfield>
      <subfield code="k">HES</subfield>
      <subfield code="l">a</subfield>
      <subfield code="o">c</subfield>
    </datafield>
    <datafield tag="852" ind1=" " ind2=" ">
      <subfield code="8">1</subfield>
    </datafield>
    <datafield tag="852" ind1=" " ind2="1">
      <subfield code="c">FH Hist ZZ 580</subfield>
      <subfield code="9">00</subfield>
    </datafield>
    <datafield tag="852" ind1=" " ind2=" ">
      <subfield code="a">DE-26</subfield>
    </datafield>
    <datafield tag="859" ind1="0" ind2="0">
      <subfield code="8">1.1\x</subfield>
      <subfield code="a">36</subfield>
      <subfield code="i">1936</subfield>
    </datafield>
    <datafield tag="859" ind1="1" ind2="0">
      <subfield code="8">1.2\x</subfield>
      <subfield code="a">39</subfield>
      <subfield code="i">1939</subfield>
    </datafield>
    <datafield tag="866" ind1="3" ind2="0">
      <subfield code="a">36.1936 - 39,21.1939</subfield>
    </datafield>
    <datafield tag="933" ind1=" " ind2=" ">
      <subfield code="a">CC0</subfield>
    </datafield>
  </record>
  <record type="Holdings">
    <leader>00000ny  a22000003n 4500</leader>
    <controlfield tag="001">056636695</controlfield>
    <controlfield tag="003">DE-101</controlfield>
    <controlfield tag="005">20140210190630.0</controlfield>
    <controlfield tag="008">140131||||||||||||||||ger|||||||</controlfield>
    <datafield tag="035" ind1=" " ind2=" ">
      <subfield code="a">(DE-603)02034435X</subfield>
    </datafield>
    <datafield tag="092" ind1=" " ind2=" ">
      <subfield code="a">601000-3</subfield>
      <subfield code="d">30</subfield>
      <subfield code="k">HES</subfield>
      <subfield code="l">a</subfield>
      <subfield code="o">c</subfield>
    </datafield>
    <datafield tag="852" ind1=" " ind2=" ">
      <subfield code="8">1</subfield>
    </datafield>
    <datafield tag="852" ind1=" " ind2="1">
      <subfield code="c">Zsq 161</subfield>
      <subfield code="9">00</subfield>
    </datafield>
    <datafield tag="852" ind1=" " ind2="2">
      <subfield code="c">GM 16: C 510</subfield>
      <subfield code="9">09</subfield>
    </datafield>
    <datafield tag="852" ind1=" " ind2=" ">
      <subfield code="a">DE-30</subfield>
    </datafield>
    <datafield tag="859" ind1="0" ind2="0">
      <subfield code="8">1.1\x</subfield>
      <subfield code="a">37</subfield>
      <subfield code="i">1937</subfield>
    </datafield>
    <datafield tag="859" ind1="1" ind2="0">
      <subfield code="8">1.2\x</subfield>
      <subfield code="a">39</subfield>
      <subfield code="i">1939</subfield>
    </datafield>
    <datafield tag="866" ind1="3" ind2="0">
      <subfield code="a">37.1937 - 39.1939,21</subfield>
    </datafield>
    <datafield tag="933" ind1=" " ind2=" ">
      <subfield code="a">CC0</subfield>
    </datafield>
  </record>
  <record type="Holdings">
    <leader>00000ny  a22000003n 4500</leader>
    <controlfield tag="001">805781528</controlfield>
    <controlfield tag="003">DE-101</controlfield>
    <controlfield tag="005">20240702230808.0</controlfield>
    <controlfield tag="008">980514||||||||||||||||ger|||||||</controlfield>
    <datafield tag="035" ind1=" " ind2=" ">
      <subfield code="a">(DE-601)283273186</subfield>
    </datafield>
    <datafield tag="035" ind1=" " ind2=" ">
      <subfield code="a">(DE-33)129488887</subfield>
    </datafield>
    <datafield tag="092" ind1=" " ind2=" ">
      <subfield code="a">925300-2</subfield>
      <subfield code="d">33</subfield>
      <subfield code="k">HAM</subfield>
      <subfield code="l">a</subfield>
      <subfield code="o">b</subfield>
    </datafield>
    <datafield tag="852" ind1=" " ind2=" ">
      <subfield code="8">1</subfield>
    </datafield>
    <datafield tag="852" ind1=" " ind2="1">
      <subfield code="c">Eb VIII 1 a 105-4°</subfield>
      <subfield code="m">s</subfield>
      <subfield code="=">k</subfield>
      <subfield code="9">00</subfield>
    </datafield>
    <datafield tag="852" ind1=" " ind2=" ">
      <subfield code="a">DE-33</subfield>
    </datafield>
    <datafield tag="859" ind1="0" ind2="0">
      <subfield code="8">1.1\x</subfield>
      <subfield code="a">36</subfield>
      <subfield code="i">1936</subfield>
    </datafield>
    <datafield tag="859" ind1="1" ind2="0">
      <subfield code="8">1.2\x</subfield>
      <subfield code="a">39</subfield>
      <subfield code="i">1939</subfield>
    </datafield>
    <datafield tag="866" ind1="3" ind2="0">
      <subfield code="a">36.1936 - 39.1939,21</subfield>
    </datafield>
    <datafield tag="933" ind1=" " ind2=" ">
      <subfield code="a">CC0</subfield>
    </datafield>
  </record>
  <record type="Holdings">
    <leader>00000ny  a22000003n 4500</leader>
    <controlfield tag="001">056636709</controlfield>
    <controlfield tag="003">DE-101</controlfield>
    <controlfield tag="005">20250124180447.0</controlfield>
    <controlfield tag="008">981021||||||||||||||||ger|||||||</controlfield>
    <datafield tag="035" ind1=" " ind2=" ">
      <subfield code="a">(DE-603)050159844</subfield>
    </datafield>
    <datafield tag="092" ind1=" " ind2=" ">
      <subfield code="a">352030-4</subfield>
      <subfield code="d">34/30</subfield>
      <subfield code="k">HES</subfield>
      <subfield code="l">a</subfield>
      <subfield code="o">b</subfield>
    </datafield>
    <datafield tag="852" ind1=" " ind2=" ">
      <subfield code="8">1</subfield>
    </datafield>
    <datafield tag="852" ind1=" " ind2="1">
      <subfield code="c">38 ZB 724</subfield>
      <subfield code="=">k</subfield>
      <subfield code="9">00</subfield>
    </datafield>
    <datafield tag="852" ind1=" " ind2="2">
      <subfield code="b">Magazin</subfield>
      <subfield code="9">09</subfield>
    </datafield>
    <datafield tag="852" ind1=" " ind2=" ">
      <subfield code="a">DE-34-30</subfield>
    </datafield>
    <datafield tag="859" ind1="0" ind2="0">
      <subfield code="8">1.1\x</subfield>
      <subfield code="a">36</subfield>
      <subfield code="i">1936</subfield>
    </datafield>
    <datafield tag="859" ind1="1" ind2="0">
      <subfield code="8">1.2\x</subfield>
      <subfield code="a">39</subfield>
      <subfield code="i">1939</subfield>
    </datafield>
    <datafield tag="866" ind1="3" ind2="0">
      <subfield code="a">36.1936 - 39,21.1939</subfield>
    </datafield>
    <datafield tag="866" ind1=" " ind2="0">
      <subfield code="z">Wegen Bautätigkeit vorübergehend nicht benutzbar</subfield>
    </datafield>
    <datafield tag="933" ind1=" " ind2=" ">
      <subfield code="a">CC0</subfield>
    </datafield>
  </record>
  <record type="Holdings">
    <leader>00000ny  a22000003n 4500</leader>
    <controlfield tag="001">80578151X</controlfield>
    <controlfield tag="003">DE-101</controlfield>
    <controlfield tag="005">20220910073416.0</controlfield>
    <controlfield tag="008">941002||||||||||||||||ger|||||||</controlfield>
    <datafield tag="035" ind1=" " ind2=" ">
      <subfield code="a">(DE-601)138119821</subfield>
    </datafield>
    <datafield tag="035" ind1=" " ind2=" ">
      <subfield code="a">(DE-35)129488887</subfield>
    </datafield>
    <datafield tag="092" ind1=" " ind2=" ">
      <subfield code="a">300100-3</subfield>
      <subfield code="d">35</subfield>
      <subfield code="k">NIE</subfield>
      <subfield code="l">a</subfield>
      <subfield code="o">c</subfield>
    </datafield>
    <datafield tag="852" ind1=" " ind2=" ">
      <subfield code="8">1</subfield>
    </datafield>
    <datafield tag="852" ind1=" " ind2="1">
      <subfield code="c">ZA 1195</subfield>
      <subfield code="m">u</subfield>
      <subfield code="=">l</subfield>
      <subfield code="9">00</subfield>
    </datafield>
    <datafield tag="852" ind1=" " ind2="2">
      <subfield code="b">ZEN</subfield>
      <subfield code="9">09</subfield>
    </datafield>
    <datafield tag="852" ind1=" " ind2=" ">
      <subfield code="a">DE-35</subfield>
    </datafield>
    <datafield tag="859" ind1="0" ind2="0">
      <subfield code="8">1.1\x</subfield>
      <subfield code="a">36</subfield>
      <subfield code="i">1936</subfield>
    </datafield>
    <datafield tag="859" ind1="1" ind2="0">
      <subfield code="8">1.2\x</subfield>
      <subfield code="a">38</subfield>
      <subfield code="i">1938</subfield>
    </datafield>
    <datafield tag="866" ind1=" " ind2="0">
      <subfield code="z">Bd. 39.1939 s. Forts.Titel: Deutschland &lt;Deutsches Reich> / Reichswirtschaftsministerium: Ministerialblatt des Reichswirtschaftsministeriums</subfield>
    </datafield>
    <datafield tag="933" ind1=" " ind2=" ">
      <subfield code="a">CC0</subfield>
    </datafield>
  </record>
  <record type="Holdings">
    <leader>00000ny  a22000003n 4500</leader>
    <controlfield tag="001">014031981</controlfield>
    <controlfield tag="003">DE-101</controlfield>
    <controlfield tag="005">20231018182922.0</controlfield>
    <controlfield tag="008">991204||||||||||||||||ger|||||||</controlfield>
    <datafield tag="035" ind1=" " ind2=" ">
      <subfield code="a">(XX-XxUND)#SB:A000=1936-1939&lt;M Fa 00028>#</subfield>
    </datafield>
    <datafield tag="035" ind1=" " ind2=" ">
      <subfield code="a">(DE-600)599406-8</subfield>
    </datafield>
    <datafield tag="035" ind1=" " ind2=" ">
      <subfield code="a">(DE-605)22278409800006476</subfield>
    </datafield>
    <datafield tag="092" ind1=" " ind2=" ">
      <subfield code="a">501000-7</subfield>
      <subfield code="d">38</subfield>
      <subfield code="k">NRW</subfield>
      <subfield code="l">a</subfield>
      <subfield code="o">c</subfield>
    </datafield>
    <datafield tag="852" ind1=" " ind2=" ">
      <subfield code="8">1</subfield>
    </datafield>
    <datafield tag="852" ind1=" " ind2="1">
      <subfield code="c">Fa28</subfield>
      <subfield code="9">00</subfield>
    </datafield>
    <datafield tag="852" ind1=" " ind2=" ">
      <subfield code="a">DE-38</subfield>
    </datafield>
    <datafield tag="859" ind1="0" ind2="0">
      <subfield code="8">1.1\x</subfield>
      <subfield code="a">36</subfield>
      <subfield code="i">1936</subfield>
    </datafield>
    <datafield tag="859" ind1="1" ind2="0">
      <subfield code="8">1.2\x</subfield>
      <subfield code="a">39</subfield>
      <subfield code="i">1939</subfield>
    </datafield>
    <datafield tag="866" ind1="3" ind2="0">
      <subfield code="a">36.1936 - 39.1939,21</subfield>
    </datafield>
    <datafield tag="933" ind1=" " ind2=" ">
      <subfield code="a">CC0</subfield>
    </datafield>
  </record>
  <record type="Holdings">
    <leader>00000ny  a22000003n 4500</leader>
    <controlfield tag="001">805781390</controlfield>
    <controlfield tag="003">DE-101</controlfield>
    <controlfield tag="005">20231018170211.0</controlfield>
    <controlfield tag="008">960603||||||||||||||||ger|||||||</controlfield>
    <datafield tag="035" ind1=" " ind2=" ">
      <subfield code="a">(DE-601)125883900</subfield>
    </datafield>
    <datafield tag="035" ind1=" " ind2=" ">
      <subfield code="a">(DE-46)129488887</subfield>
    </datafield>
    <datafield tag="092" ind1=" " ind2=" ">
      <subfield code="a">281000-1</subfield>
      <subfield code="d">46</subfield>
      <subfield code="k">HAM</subfield>
      <subfield code="l">a</subfield>
      <subfield code="o">c</subfield>
    </datafield>
    <datafield tag="852" ind1=" " ind2=" ">
      <subfield code="8">1</subfield>
    </datafield>
    <datafield tag="852" ind1=" " ind2="1">
      <subfield code="c">fb 6287</subfield>
      <subfield code="m">d</subfield>
      <subfield code="=">l</subfield>
      <subfield code="9">00</subfield>
    </datafield>
    <datafield tag="852" ind1=" " ind2="2">
      <subfield code="b">Magazin Zs</subfield>
      <subfield code="9">09</subfield>
    </datafield>
    <datafield tag="852" ind1=" " ind2=" ">
      <subfield code="a">DE-46</subfield>
    </datafield>
    <datafield tag="859" ind1="0" ind2="0">
      <subfield code="8">1.1\x</subfield>
      <subfield code="a">36</subfield>
      <subfield code="i">1936</subfield>
    </datafield>
    <datafield tag="859" ind1="1" ind2="0">
      <subfield code="8">1.2\x</subfield>
      <subfield code="a">39</subfield>
      <subfield code="b">21</subfield>
      <subfield code="i">1939</subfield>
    </datafield>
    <datafield tag="866" ind1="3" ind2="0">
      <subfield code="a">36.1936 - 39.1939,21</subfield>
    </datafield>
    <datafield tag="933" ind1=" " ind2=" ">
      <subfield code="a">CC0</subfield>
    </datafield>
  </record>
  <record type="Holdings">
    <leader>00000ny  a22000003n 4500</leader>
    <controlfield tag="001">805781382</controlfield>
    <controlfield tag="003">DE-101</controlfield>
    <controlfield tag="005">20240927180107.0</controlfield>
    <controlfield tag="008">081013||||||||||||||||ger|||||||</controlfield>
    <datafield tag="035" ind1=" " ind2=" ">
      <subfield code="a">(DE-601)894770217</subfield>
    </datafield>
    <datafield tag="035" ind1=" " ind2=" ">
      <subfield code="a">(DE-84)129488887</subfield>
    </datafield>
    <datafield tag="092" ind1=" " ind2=" ">
      <subfield code="a">331000-0</subfield>
      <subfield code="d">84</subfield>
      <subfield code="k">NIE</subfield>
      <subfield code="l">a</subfield>
      <subfield code="o">c</subfield>
    </datafield>
    <datafield tag="852" ind1=" " ind2=" ">
      <subfield code="8">1</subfield>
    </datafield>
    <datafield tag="852" ind1=" " ind2="1">
      <subfield code="c">UB</subfield>
      <subfield code="m">u</subfield>
      <subfield code="=">l</subfield>
      <subfield code="9">00</subfield>
    </datafield>
    <datafield tag="852" ind1=" " ind2=" ">
      <subfield code="a">DE-84</subfield>
    </datafield>
    <datafield tag="859" ind1="0" ind2="0">
      <subfield code="8">1.1\x</subfield>
      <subfield code="a">36</subfield>
      <subfield code="i">1936</subfield>
    </datafield>
    <datafield tag="859" ind1="1" ind2="0">
      <subfield code="8">1.2\x</subfield>
      <subfield code="a">39</subfield>
      <subfield code="i">1939</subfield>
    </datafield>
    <datafield tag="866" ind1="3" ind2="0">
      <subfield code="a">36.1936 - 39.1939,21</subfield>
    </datafield>
    <datafield tag="866" ind1=" " ind2="0">
      <subfield code="z">39.1939 s. zugehörige Publikationen</subfield>
    </datafield>
    <datafield tag="933" ind1=" " ind2=" ">
      <subfield code="a">CC0</subfield>
    </datafield>
  </record>
  <record type="Holdings">
    <leader>00000ny  a22000003n 4500</leader>
    <controlfield tag="001">805781501</controlfield>
    <controlfield tag="003">DE-101</controlfield>
    <controlfield tag="005">20240604203920.0</controlfield>
    <controlfield tag="008">940917||||||||||||||||ger|||||||</controlfield>
    <datafield tag="035" ind1=" " ind2=" ">
      <subfield code="a">(DE-601)139789421</subfield>
    </datafield>
    <datafield tag="035" ind1=" " ind2=" ">
      <subfield code="a">(DE-89)129488887</subfield>
    </datafield>
    <datafield tag="092" ind1=" " ind2=" ">
      <subfield code="a">301000-4</subfield>
      <subfield code="d">89</subfield>
      <subfield code="k">NIE</subfield>
      <subfield code="l">a</subfield>
      <subfield code="o">b</subfield>
    </datafield>
    <datafield tag="852" ind1=" " ind2=" ">
      <subfield code="8">1</subfield>
    </datafield>
    <datafield tag="852" ind1=" " ind2="1">
      <subfield code="c">ZS 5814</subfield>
      <subfield code="m">f</subfield>
      <subfield code="=">k</subfield>
      <subfield code="9">00</subfield>
    </datafield>
    <datafield tag="852" ind1=" " ind2="2">
      <subfield code="b">Haus2</subfield>
      <subfield code="9">09</subfield>
    </datafield>
    <datafield tag="852" ind1=" " ind2=" ">
      <subfield code="a">DE-89</subfield>
    </datafield>
    <datafield tag="859" ind1="0" ind2="0">
      <subfield code="8">1.1\x</subfield>
      <subfield code="a">36</subfield>
      <subfield code="i">1936</subfield>
    </datafield>
    <datafield tag="859" ind1="1" ind2="0">
      <subfield code="8">1.2\x</subfield>
      <subfield code="a">39</subfield>
      <subfield code="b">21</subfield>
      <subfield code="i">1939</subfield>
    </datafield>
    <datafield tag="866" ind1="3" ind2="0">
      <subfield code="a">36.1936 - 39.1939,21</subfield>
    </datafield>
    <datafield tag="933" ind1=" " ind2=" ">
      <subfield code="a">CC0</subfield>
    </datafield>
  </record>
  <record type="Holdings">
    <leader>00000ny  a22000003n 4500</leader>
    <controlfield tag="001">014032015</controlfield>
    <controlfield tag="003">DE-101</controlfield>
    <controlfield tag="005">20030717180542.0</controlfield>
    <controlfield tag="008">991204||||||||||||||||ger|||||||</controlfield>
    <datafield tag="035" ind1=" " ind2=" ">
      <subfield code="a">(DE-600)599414-7</subfield>
    </datafield>
    <datafield tag="092" ind1=" " ind2=" ">
      <subfield code="a">701000-X</subfield>
      <subfield code="d">93</subfield>
      <subfield code="k">BAW</subfield>
      <subfield code="l">a</subfield>
      <subfield code="o">c</subfield>
    </datafield>
    <datafield tag="852" ind1=" " ind2=" ">
      <subfield code="8">1</subfield>
    </datafield>
    <datafield tag="852" ind1=" " ind2="1">
      <subfield code="c">XIX/1138.4</subfield>
      <subfield code="9">00</subfield>
    </datafield>
    <datafield tag="852" ind1=" " ind2=" ">
      <subfield code="a">DE-93</subfield>
    </datafield>
    <datafield tag="859" ind1="0" ind2="0">
      <subfield code="8">1.1\x</subfield>
      <subfield code="a">36</subfield>
      <subfield code="i">1936</subfield>
    </datafield>
    <datafield tag="866" ind1="3" ind2="0">
      <subfield code="a">36.1936</subfield>
    </datafield>
    <datafield tag="933" ind1=" " ind2=" ">
      <subfield code="a">CC0</subfield>
    </datafield>
  </record>
  <record type="Holdings">
    <leader>00000ny  a22000003n 4500</leader>
    <controlfield tag="001">805781455</controlfield>
    <controlfield tag="003">DE-101</controlfield>
    <controlfield tag="005">20230705171326.0</controlfield>
    <controlfield tag="008">051220||||||||||||||||ger|||||||</controlfield>
    <datafield tag="035" ind1=" " ind2=" ">
      <subfield code="a">(DE-601)74867957X</subfield>
    </datafield>
    <datafield tag="035" ind1=" " ind2=" ">
      <subfield code="a">(DE-104)129488887</subfield>
    </datafield>
    <datafield tag="092" ind1=" " ind2=" ">
      <subfield code="a">333000-X</subfield>
      <subfield code="d">104</subfield>
      <subfield code="k">NIE</subfield>
      <subfield code="l">a</subfield>
      <subfield code="o">d</subfield>
    </datafield>
    <datafield tag="852" ind1=" " ind2=" ">
      <subfield code="8">1</subfield>
    </datafield>
    <datafield tag="852" ind1=" " ind2="1">
      <subfield code="c">CL 40</subfield>
      <subfield code="m">g</subfield>
      <subfield code="=">n</subfield>
      <subfield code="9">00</subfield>
    </datafield>
    <datafield tag="852" ind1=" " ind2="2">
      <subfield code="b">104/40</subfield>
      <subfield code="9">09</subfield>
    </datafield>
    <datafield tag="852" ind1=" " ind2=" ">
      <subfield code="a">DE-104</subfield>
    </datafield>
    <datafield tag="859" ind1="0" ind2="0">
      <subfield code="8">1.1\x</subfield>
      <subfield code="a">36</subfield>
      <subfield code="i">1936</subfield>
    </datafield>
    <datafield tag="859" ind1="1" ind2="0">
      <subfield code="8">1.2\x</subfield>
      <subfield code="a">39</subfield>
      <subfield code="i">1939</subfield>
    </datafield>
    <datafield tag="866" ind1="3" ind2="0">
      <subfield code="a">36.1936 - 39.1939,21</subfield>
    </datafield>
    <datafield tag="866" ind1=" " ind2="0">
      <subfield code="z">Genauen Bestand bitte beim Landesbergamt erfragen</subfield>
    </datafield>
    <datafield tag="933" ind1=" " ind2=" ">
      <subfield code="a">CC0</subfield>
    </datafield>
  </record>
  <record type="Holdings">
    <leader>00000ny  a22000003n 4500</leader>
    <controlfield tag="001">246602708</controlfield>
    <controlfield tag="003">DE-101</controlfield>
    <controlfield tag="005">20140210135635.0</controlfield>
    <controlfield tag="008">991204||||||||||||||||ger|||||||</controlfield>
    <datafield tag="035" ind1=" " ind2=" ">
      <subfield code="a">(DE-600)599396-9</subfield>
    </datafield>
    <datafield tag="092" ind1=" " ind2=" ">
      <subfield code="a">170100-9</subfield>
      <subfield code="d">109</subfield>
      <subfield code="k">BER</subfield>
      <subfield code="l">a</subfield>
      <subfield code="o">b</subfield>
      <subfield code="y">RJ</subfield>
    </datafield>
    <datafield tag="852" ind1=" " ind2=" ">
      <subfield code="8">1</subfield>
    </datafield>
    <datafield tag="852" ind1=" " ind2="1">
      <subfield code="c">ZB 7441</subfield>
      <subfield code="9">00</subfield>
    </datafield>
    <datafield tag="852" ind1=" " ind2="2">
      <subfield code="b">BStB</subfield>
      <subfield code="9">09</subfield>
    </datafield>
    <datafield tag="852" ind1=" " ind2=" ">
      <subfield code="a">DE-109</subfield>
    </datafield>
    <datafield tag="859" ind1="0" ind2="0">
      <subfield code="8">1.1\x</subfield>
      <subfield code="a">36</subfield>
      <subfield code="i">1936</subfield>
    </datafield>
    <datafield tag="859" ind1="1" ind2="0">
      <subfield code="8">1.2\x</subfield>
      <subfield code="a">39</subfield>
      <subfield code="i">1939</subfield>
    </datafield>
    <datafield tag="866" ind1="3" ind2="0">
      <subfield code="a">36.1936 - 39.1939,21</subfield>
    </datafield>
    <datafield tag="933" ind1=" " ind2=" ">
      <subfield code="a">CC0</subfield>
    </datafield>
  </record>
  <record type="Holdings">
    <leader>00000ny  a22000003n 4500</leader>
    <controlfield tag="001">014032023</controlfield>
    <controlfield tag="003">DE-101</controlfield>
    <controlfield tag="005">20201208182918.0</controlfield>
    <controlfield tag="008">991204||||||||||||||||ger|||||||</controlfield>
    <datafield tag="035" ind1=" " ind2=" ">
      <subfield code="a">(DE-600)599412-3</subfield>
    </datafield>
    <datafield tag="035" ind1=" " ind2=" ">
      <subfield code="a">(DE-576)22175488130002561</subfield>
    </datafield>
    <datafield tag="092" ind1=" " ind2=" ">
      <subfield code="a">681000-7</subfield>
      <subfield code="d">180</subfield>
      <subfield code="k">BAW</subfield>
      <subfield code="l">a</subfield>
      <subfield code="o">c</subfield>
    </datafield>
    <datafield tag="852" ind1=" " ind2=" ">
      <subfield code="8">1</subfield>
    </datafield>
    <datafield tag="852" ind1=" " ind2="1">
      <subfield code="c">Z 5175</subfield>
      <subfield code="9">00</subfield>
    </datafield>
    <datafield tag="852" ind1=" " ind2="2">
      <subfield code="b">Tiefmagazin</subfield>
      <subfield code="9">09</subfield>
    </datafield>
    <datafield tag="852" ind1=" " ind2=" ">
      <subfield code="a">DE-180</subfield>
    </datafield>
    <datafield tag="859" ind1="0" ind2="0">
      <subfield code="8">1.1\x</subfield>
      <subfield code="a">39</subfield>
      <subfield code="i">1939</subfield>
    </datafield>
    <datafield tag="866" ind1="3" ind2="0">
      <subfield code="a">39.1939</subfield>
    </datafield>
    <datafield tag="933" ind1=" " ind2=" ">
      <subfield code="a">CC0</subfield>
    </datafield>
  </record>
  <record type="Holdings">
    <leader>00000ny  a22000003n 4500</leader>
    <controlfield tag="001">014032031</controlfield>
    <controlfield tag="003">DE-101</controlfield>
    <controlfield tag="005">20170530121236.0</controlfield>
    <controlfield tag="008">991204||||||||||||||||ger|||||||</controlfield>
    <datafield tag="035" ind1=" " ind2=" ">
      <subfield code="a">(DE-600)599394-5</subfield>
    </datafield>
    <datafield tag="035" ind1=" " ind2=" ">
      <subfield code="a">(DE-602)22921197620002883</subfield>
    </datafield>
    <datafield tag="092" ind1=" " ind2=" ">
      <subfield code="a">120000-8</subfield>
      <subfield code="d">188</subfield>
      <subfield code="k">BER</subfield>
      <subfield code="l">a</subfield>
      <subfield code="o">c</subfield>
    </datafield>
    <datafield tag="852" ind1=" " ind2=" ">
      <subfield code="8">1</subfield>
    </datafield>
    <datafield tag="852" ind1=" " ind2="1">
      <subfield code="c">&#152;4° &#156; 8 ZA 385</subfield>
      <subfield code="9">00</subfield>
    </datafield>
    <datafield tag="852" ind1=" " ind2=" ">
      <subfield code="a">DE-188</subfield>
    </datafield>
    <datafield tag="859" ind1="0" ind2="0">
      <subfield code="8">1.1\x</subfield>
      <subfield code="a">36</subfield>
      <subfield code="i">1936</subfield>
    </datafield>
    <datafield tag="859" ind1="1" ind2="0">
      <subfield code="8">1.2\x</subfield>
      <subfield code="a">39</subfield>
      <subfield code="i">1939</subfield>
    </datafield>
    <datafield tag="866" ind1="3" ind2="0">
      <subfield code="a">36.1936 - 39.1939,21</subfield>
    </datafield>
    <datafield tag="933" ind1=" " ind2=" ">
      <subfield code="a">CC0</subfield>
    </datafield>
  </record>
  <record type="Holdings">
    <leader>00000ny  a22000003n 4500</leader>
    <controlfield tag="001">126926336</controlfield>
    <controlfield tag="003">DE-101</controlfield>
    <controlfield tag="005">20170530132416.0</controlfield>
    <controlfield tag="008">070523||||||||||||||||ger|||||||</controlfield>
    <datafield tag="035" ind1=" " ind2=" ">
      <subfield code="a">(DE-602)22921197630002883</subfield>
    </datafield>
    <datafield tag="092" ind1=" " ind2=" ">
      <subfield code="a">120808-1</subfield>
      <subfield code="d">188/808</subfield>
      <subfield code="k">BER</subfield>
      <subfield code="l">b</subfield>
      <subfield code="o">d</subfield>
    </datafield>
    <datafield tag="852" ind1=" " ind2=" ">
      <subfield code="8">1</subfield>
    </datafield>
    <datafield tag="852" ind1=" " ind2=" ">
      <subfield code="a">DE-188-808</subfield>
    </datafield>
    <datafield tag="859" ind1="0" ind2="0">
      <subfield code="8">1.1\x</subfield>
      <subfield code="a">36</subfield>
      <subfield code="i">1936</subfield>
    </datafield>
    <datafield tag="859" ind1="1" ind2="0">
      <subfield code="8">1.2\x</subfield>
      <subfield code="a">39</subfield>
      <subfield code="i">1939</subfield>
    </datafield>
    <datafield tag="866" ind1="3" ind2="0">
      <subfield code="a">36.1936 - 39.1939,21</subfield>
    </datafield>
    <datafield tag="933" ind1=" " ind2=" ">
      <subfield code="a">CC0</subfield>
    </datafield>
  </record>
  <record type="Holdings">
    <leader>00000ny  a22000003n 4500</leader>
    <controlfield tag="001">805781447</controlfield>
    <controlfield tag="003">DE-101</controlfield>
    <controlfield tag="005">20220910073416.0</controlfield>
    <controlfield tag="008">960603||||||||||||||||ger|||||||</controlfield>
    <datafield tag="035" ind1=" " ind2=" ">
      <subfield code="a">(DE-601)196717140</subfield>
    </datafield>
    <datafield tag="035" ind1=" " ind2=" ">
      <subfield code="a">(DE-206)129488887</subfield>
    </datafield>
    <datafield tag="092" ind1=" " ind2=" ">
      <subfield code="a">231206-2</subfield>
      <subfield code="d">206</subfield>
      <subfield code="k">HAM</subfield>
      <subfield code="l">a</subfield>
      <subfield code="o">c</subfield>
    </datafield>
    <datafield tag="852" ind1=" " ind2=" ">
      <subfield code="8">1</subfield>
    </datafield>
    <datafield tag="852" ind1=" " ind2="1">
      <subfield code="c">Y 2886</subfield>
      <subfield code="m">b</subfield>
      <subfield code="=">l</subfield>
      <subfield code="9">00</subfield>
    </datafield>
    <datafield tag="852" ind1=" " ind2="2">
      <subfield code="b">K:</subfield>
      <subfield code="9">09</subfield>
    </datafield>
    <datafield tag="852" ind1=" " ind2=" ">
      <subfield code="a">DE-206</subfield>
    </datafield>
    <datafield tag="859" ind1="0" ind2="0">
      <subfield code="8">1.1\x</subfield>
      <subfield code="a">36</subfield>
      <subfield code="i">1936</subfield>
    </datafield>
    <datafield tag="859" ind1="1" ind2="0">
      <subfield code="8">1.2\x</subfield>
      <subfield code="a">39</subfield>
      <subfield code="i">1939</subfield>
    </datafield>
    <datafield tag="866" ind1="3" ind2="0">
      <subfield code="a">36.1936 - 39.1939,21</subfield>
    </datafield>
    <datafield tag="933" ind1=" " ind2=" ">
      <subfield code="a">CC0</subfield>
    </datafield>
  </record>
  <record type="Holdings">
    <leader>00000ny  a22000003n 4500</leader>
    <controlfield tag="001">014032058</controlfield>
    <controlfield tag="003">DE-101</controlfield>
    <controlfield tag="005">20250214175531.0</controlfield>
    <controlfield tag="008">991204||||||||||||||||ger|||||||</controlfield>
    <datafield tag="035" ind1=" " ind2=" ">
      <subfield code="a">(DE-605)22206055860006445</subfield>
    </datafield>
    <datafield tag="092" ind1=" " ind2=" ">
      <subfield code="a">463000-2</subfield>
      <subfield code="d">290</subfield>
      <subfield code="k">NRW</subfield>
      <subfield code="l">c</subfield>
      <subfield code="o">e</subfield>
    </datafield>
    <datafield tag="852" ind1=" " ind2=" ">
      <subfield code="8">1</subfield>
    </datafield>
    <datafield tag="852" ind1=" " ind2="2">
      <subfield code="b">SM</subfield>
      <subfield code="c">ZF 177</subfield>
      <subfield code="9">09</subfield>
    </datafield>
    <datafield tag="852" ind1=" " ind2=" ">
      <subfield code="a">DE-290</subfield>
    </datafield>
    <datafield tag="859" ind1="0" ind2="0">
      <subfield code="8">1.1\x</subfield>
      <subfield code="a">36</subfield>
      <subfield code="i">1936</subfield>
    </datafield>
    <datafield tag="859" ind1="1" ind2="0">
      <subfield code="8">1.2\x</subfield>
      <subfield code="a">39</subfield>
      <subfield code="i">1939</subfield>
    </datafield>
    <datafield tag="866" ind1="3" ind2="0">
      <subfield code="a">36.1936 - 39.1939,21</subfield>
    </datafield>
    <datafield tag="933" ind1=" " ind2=" ">
      <subfield code="a">CC0</subfield>
    </datafield>
  </record>
  <record type="Holdings">
    <leader>00000ny  a22000003n 4500</leader>
    <controlfield tag="001">014032066</controlfield>
    <controlfield tag="003">DE-101</controlfield>
    <controlfield tag="005">20100917141320.0</controlfield>
    <controlfield tag="008">991204||||||||||||||||ger|||||||</controlfield>
    <datafield tag="035" ind1=" " ind2=" ">
      <subfield code="a">(DE-600)599410-x</subfield>
    </datafield>
    <datafield tag="092" ind1=" " ind2=" ">
      <subfield code="a">661000-6</subfield>
      <subfield code="d">291</subfield>
      <subfield code="k">BAW</subfield>
      <subfield code="l">a</subfield>
      <subfield code="o">c</subfield>
    </datafield>
    <datafield tag="852" ind1=" " ind2=" ">
      <subfield code="8">1</subfield>
    </datafield>
    <datafield tag="852" ind1=" " ind2="1">
      <subfield code="c">4 Z 553</subfield>
      <subfield code="9">00</subfield>
    </datafield>
    <datafield tag="852" ind1=" " ind2=" ">
      <subfield code="a">DE-291</subfield>
    </datafield>
    <datafield tag="859" ind1="0" ind2="0">
      <subfield code="8">1.1\x</subfield>
      <subfield code="a">36</subfield>
      <subfield code="i">1936</subfield>
    </datafield>
    <datafield tag="859" ind1="1" ind2="0">
      <subfield code="8">1.2\x</subfield>
      <subfield code="a">39</subfield>
      <subfield code="i">1939</subfield>
    </datafield>
    <datafield tag="866" ind1="3" ind2="0">
      <subfield code="a">36.1936 - 39.1939,21</subfield>
    </datafield>
    <datafield tag="933" ind1=" " ind2=" ">
      <subfield code="a">CC0</subfield>
    </datafield>
  </record>
  <record type="Holdings">
    <leader>00000ny  a22000003n 4500</leader>
    <controlfield tag="001">014032074</controlfield>
    <controlfield tag="003">DE-101</controlfield>
    <controlfield tag="005">20030717180544.0</controlfield>
    <controlfield tag="008">991204||||||||||||||||ger|||||||</controlfield>
    <datafield tag="035" ind1=" " ind2=" ">
      <subfield code="a">(DE-600)599411-1</subfield>
    </datafield>
    <datafield tag="092" ind1=" " ind2=" ">
      <subfield code="a">661102-3</subfield>
      <subfield code="d">291/102</subfield>
      <subfield code="k">BAW</subfield>
      <subfield code="l">b</subfield>
      <subfield code="o">d</subfield>
    </datafield>
    <datafield tag="852" ind1=" " ind2=" ">
      <subfield code="8">1</subfield>
    </datafield>
    <datafield tag="852" ind1=" " ind2="1">
      <subfield code="c">AX-DR-40</subfield>
      <subfield code="9">00</subfield>
    </datafield>
    <datafield tag="852" ind1=" " ind2=" ">
      <subfield code="a">DE-291-102</subfield>
    </datafield>
    <datafield tag="859" ind1="0" ind2="0">
      <subfield code="8">1.1\x</subfield>
      <subfield code="a">38</subfield>
      <subfield code="i">1938</subfield>
    </datafield>
    <datafield tag="866" ind1="3" ind2="0">
      <subfield code="a">38.1938</subfield>
    </datafield>
    <datafield tag="933" ind1=" " ind2=" ">
      <subfield code="a">CC0</subfield>
    </datafield>
  </record>
  <record type="Holdings">
    <leader>00000ny  a22000003n 4500</leader>
    <controlfield tag="001">014032082</controlfield>
    <controlfield tag="003">DE-101</controlfield>
    <controlfield tag="005">20230927114511.0</controlfield>
    <controlfield tag="008">991204||||||||||||||||ger|||||||</controlfield>
    <datafield tag="035" ind1=" " ind2=" ">
      <subfield code="a">(DE-600)599405-6</subfield>
    </datafield>
    <datafield tag="035" ind1=" " ind2=" ">
      <subfield code="a">(DE-605)22150937180006471</subfield>
    </datafield>
    <datafield tag="092" ind1=" " ind2=" ">
      <subfield code="a">461000-3</subfield>
      <subfield code="d">294</subfield>
      <subfield code="k">NRW</subfield>
      <subfield code="l">a</subfield>
      <subfield code="o">b</subfield>
    </datafield>
    <datafield tag="852" ind1=" " ind2=" ">
      <subfield code="8">1</subfield>
    </datafield>
    <datafield tag="852" ind1=" " ind2="1">
      <subfield code="c">ZRC 473</subfield>
      <subfield code="9">00</subfield>
    </datafield>
    <datafield tag="852" ind1=" " ind2="2">
      <subfield code="b">Zeitschriften</subfield>
      <subfield code="9">09</subfield>
    </datafield>
    <datafield tag="852" ind1=" " ind2=" ">
      <subfield code="a">DE-294</subfield>
    </datafield>
    <datafield tag="859" ind1="0" ind2="0">
      <subfield code="8">1.1\x</subfield>
      <subfield code="a">36</subfield>
      <subfield code="i">1936</subfield>
    </datafield>
    <datafield tag="859" ind1="1" ind2="0">
      <subfield code="8">1.2\x</subfield>
      <subfield code="a">39</subfield>
      <subfield code="i">1939</subfield>
    </datafield>
    <datafield tag="866" ind1="3" ind2="0">
      <subfield code="a">36.1936 - 39.1939</subfield>
    </datafield>
    <datafield tag="866" ind1=" " ind2="0">
      <subfield code="z">Standort: Witten</subfield>
    </datafield>
    <datafield tag="933" ind1=" " ind2=" ">
      <subfield code="a">CC0</subfield>
    </datafield>
  </record>
  <record type="Holdings">
    <leader>00000ny  a22000003n 4500</leader>
    <controlfield tag="001">014032090</controlfield>
    <controlfield tag="003">DE-101</controlfield>
    <controlfield tag="005">20230927114511.0</controlfield>
    <controlfield tag="008">991204||||||||||||||||ger|||||||</controlfield>
    <datafield tag="035" ind1=" " ind2=" ">
      <subfield code="a">(DE-600)3022318-0</subfield>
    </datafield>
    <datafield tag="035" ind1=" " ind2=" ">
      <subfield code="a">(DE-605)22150937190006471</subfield>
    </datafield>
    <datafield tag="092" ind1=" " ind2=" ">
      <subfield code="a">461039-8</subfield>
      <subfield code="d">294/39</subfield>
      <subfield code="k">NRW</subfield>
      <subfield code="l">b</subfield>
      <subfield code="o">d</subfield>
    </datafield>
    <datafield tag="852" ind1=" " ind2=" ">
      <subfield code="8">1</subfield>
    </datafield>
    <datafield tag="852" ind1=" " ind2="1">
      <subfield code="c">3/H/1</subfield>
      <subfield code="9">00</subfield>
    </datafield>
    <datafield tag="852" ind1=" " ind2="2">
      <subfield code="b">Zeitschriften</subfield>
      <subfield code="9">09</subfield>
    </datafield>
    <datafield tag="852" ind1=" " ind2=" ">
      <subfield code="a">DE-294-39</subfield>
    </datafield>
    <datafield tag="859" ind1="0" ind2="0">
      <subfield code="8">1.1\x</subfield>
      <subfield code="a">38</subfield>
      <subfield code="i">1938</subfield>
    </datafield>
    <datafield tag="859" ind1="1" ind2="0">
      <subfield code="8">1.2\x</subfield>
      <subfield code="a">39</subfield>
      <subfield code="i">1939</subfield>
    </datafield>
    <datafield tag="866" ind1="3" ind2="0">
      <subfield code="a">38.1938 - 39.1939</subfield>
    </datafield>
    <datafield tag="866" ind1=" " ind2="0">
      <subfield code="z">Standort: Zentrallager</subfield>
    </datafield>
    <datafield tag="933" ind1=" " ind2=" ">
      <subfield code="a">CC0</subfield>
    </datafield>
  </record>
  <record type="Holdings">
    <leader>00000ny  a22000003n 4500</leader>
    <controlfield tag="001">014032104</controlfield>
    <controlfield tag="003">DE-101</controlfield>
    <controlfield tag="005">20071221084709.0</controlfield>
    <controlfield tag="008">991204||||||||||||||||ger|||||||</controlfield>
    <datafield tag="035" ind1=" " ind2=" ">
      <subfield code="a">(DE-600)2004825-7</subfield>
    </datafield>
    <datafield tag="092" ind1=" " ind2=" ">
      <subfield code="a">771000-8</subfield>
      <subfield code="d">352</subfield>
      <subfield code="k">BAW</subfield>
      <subfield code="l">a</subfield>
      <subfield code="o">c</subfield>
    </datafield>
    <datafield tag="541" ind1=" " ind2=" ">
      <subfield code="e">Z 07419</subfield>
    </datafield>
    <datafield tag="852" ind1=" " ind2=" ">
      <subfield code="8">1</subfield>
    </datafield>
    <datafield tag="852" ind1=" " ind2="1">
      <subfield code="c">jua 58/m46</subfield>
      <subfield code="9">00</subfield>
    </datafield>
    <datafield tag="852" ind1=" " ind2=" ">
      <subfield code="a">DE-352</subfield>
    </datafield>
    <datafield tag="859" ind1="0" ind2="0">
      <subfield code="8">1.1\x</subfield>
      <subfield code="a">37</subfield>
      <subfield code="i">1937</subfield>
    </datafield>
    <datafield tag="859" ind1="1" ind2="0">
      <subfield code="8">1.2\x</subfield>
      <subfield code="a">38</subfield>
      <subfield code="i">1938</subfield>
    </datafield>
    <datafield tag="866" ind1="3" ind2="0">
      <subfield code="a">37.1937 - 38.1938</subfield>
    </datafield>
    <datafield tag="933" ind1=" " ind2=" ">
      <subfield code="a">CC0</subfield>
    </datafield>
  </record>
  <record type="Holdings">
    <leader>00000ny  a22000003n 4500</leader>
    <controlfield tag="001">064995496</controlfield>
    <controlfield tag="003">DE-101</controlfield>
    <controlfield tag="005">20041020025759.0</controlfield>
    <controlfield tag="008">951118||||||||||||||||ger|||||||</controlfield>
    <datafield tag="035" ind1=" " ind2=" ">
      <subfield code="a">(DE-604)8069042566894</subfield>
    </datafield>
    <datafield tag="092" ind1=" " ind2=" ">
      <subfield code="a">841000-8</subfield>
      <subfield code="d">355</subfield>
      <subfield code="k">BAY</subfield>
      <subfield code="l">a</subfield>
      <subfield code="o">c</subfield>
    </datafield>
    <datafield tag="852" ind1=" " ind2=" ">
      <subfield code="8">200      A</subfield>
    </datafield>
    <datafield tag="852" ind1=" " ind2="0">
      <subfield code="=">l</subfield>
      <subfield code="9">00</subfield>
    </datafield>
    <datafield tag="852" ind1=" " ind2="2">
      <subfield code="b">00</subfield>
      <subfield code="c">00/PB 3500</subfield>
      <subfield code="9">09</subfield>
    </datafield>
    <datafield tag="852" ind1=" " ind2=" ">
      <subfield code="a">DE-355</subfield>
    </datafield>
    <datafield tag="859" ind1="0" ind2="0">
      <subfield code="8">1.1\x</subfield>
      <subfield code="a">36</subfield>
      <subfield code="i">1936</subfield>
    </datafield>
    <datafield tag="859" ind1="1" ind2="0">
      <subfield code="8">1.2\x</subfield>
      <subfield code="a">39</subfield>
      <subfield code="i">1939</subfield>
    </datafield>
    <datafield tag="866" ind1="3" ind2="0">
      <subfield code="a">36.1936 - 39.1939,21</subfield>
    </datafield>
    <datafield tag="933" ind1=" " ind2=" ">
      <subfield code="a">CC0</subfield>
    </datafield>
  </record>
  <record type="Holdings">
    <leader>00000ny  a22000003n 4500</leader>
    <controlfield tag="001">014032120</controlfield>
    <controlfield tag="003">DE-101</controlfield>
    <controlfield tag="005">20211209145349.0</controlfield>
    <controlfield tag="008">991204||||||||||||||||ger|||||||</controlfield>
    <datafield tag="035" ind1=" " ind2=" ">
      <subfield code="a">(DE-600)4868076-x</subfield>
    </datafield>
    <datafield tag="035" ind1=" " ind2=" ">
      <subfield code="a">(DE-605)22254582620006442</subfield>
    </datafield>
    <datafield tag="092" ind1=" " ind2=" ">
      <subfield code="a">481000-4</subfield>
      <subfield code="d">361</subfield>
      <subfield code="k">NRW</subfield>
      <subfield code="l">a</subfield>
      <subfield code="o">c</subfield>
    </datafield>
    <datafield tag="852" ind1=" " ind2=" ">
      <subfield code="8">1</subfield>
    </datafield>
    <datafield tag="852" ind1=" " ind2="1">
      <subfield code="c">11 KG001 M6W7A</subfield>
      <subfield code="9">00</subfield>
    </datafield>
    <datafield tag="852" ind1=" " ind2=" ">
      <subfield code="a">DE-361</subfield>
    </datafield>
    <datafield tag="859" ind1="0" ind2="0">
      <subfield code="8">1.1\x</subfield>
      <subfield code="a">36</subfield>
      <subfield code="i">1936</subfield>
    </datafield>
    <datafield tag="859" ind1="1" ind2="0">
      <subfield code="8">1.2\x</subfield>
      <subfield code="a">38</subfield>
      <subfield code="i">1938</subfield>
    </datafield>
    <datafield tag="866" ind1="3" ind2="0">
      <subfield code="a">36.1936 - 38.1938</subfield>
    </datafield>
    <datafield tag="933" ind1=" " ind2=" ">
      <subfield code="a">CC0</subfield>
    </datafield>
  </record>
  <record type="Holdings">
    <leader>00000ny  a22000003n 4500</leader>
    <controlfield tag="001">752690655</controlfield>
    <controlfield tag="003">DE-101</controlfield>
    <controlfield tag="005">20230428160827.0</controlfield>
    <controlfield tag="008">120810||||||||||||||||ger|||||||</controlfield>
    <datafield tag="035" ind1=" " ind2=" ">
      <subfield code="a">(DE-605)22376273150006446</subfield>
    </datafield>
    <datafield tag="092" ind1=" " ind2=" ">
      <subfield code="a">432000-1</subfield>
      <subfield code="d">465</subfield>
      <subfield code="k">NRW</subfield>
      <subfield code="l">a</subfield>
      <subfield code="o">b</subfield>
    </datafield>
    <datafield tag="852" ind1=" " ind2=" ">
      <subfield code="8">1</subfield>
    </datafield>
    <datafield tag="852" ind1=" " ind2="1">
      <subfield code="c">52 Z 188</subfield>
      <subfield code="9">00</subfield>
    </datafield>
    <datafield tag="852" ind1=" " ind2="2">
      <subfield code="b">D00</subfield>
      <subfield code="9">09</subfield>
    </datafield>
    <datafield tag="852" ind1=" " ind2=" ">
      <subfield code="a">DE-465</subfield>
    </datafield>
    <datafield tag="859" ind1="0" ind2="0">
      <subfield code="8">1.1\x</subfield>
      <subfield code="a">36</subfield>
      <subfield code="i">1936</subfield>
    </datafield>
    <datafield tag="859" ind1="1" ind2="0">
      <subfield code="8">1.2\x</subfield>
      <subfield code="a">38</subfield>
      <subfield code="i">1938</subfield>
    </datafield>
    <datafield tag="866" ind1="3" ind2="0">
      <subfield code="a">36.1936 - 38.1938</subfield>
    </datafield>
    <datafield tag="933" ind1=" " ind2=" ">
      <subfield code="a">CC0</subfield>
    </datafield>
  </record>
  <record type="Holdings">
    <leader>00000ny  a22000003n 4500</leader>
    <controlfield tag="001">014032147</controlfield>
    <controlfield tag="003">DE-101</controlfield>
    <controlfield tag="005">20230214200648.0</controlfield>
    <controlfield tag="008">991204||||||||||||||||ger|||||||</controlfield>
    <datafield tag="035" ind1=" " ind2=" ">
      <subfield code="a">(DE-605)2285562450006462</subfield>
    </datafield>
    <datafield tag="092" ind1=" " ind2=" ">
      <subfield code="a">591000-6</subfield>
      <subfield code="d">467</subfield>
      <subfield code="k">NRW</subfield>
      <subfield code="l">a</subfield>
      <subfield code="o">c</subfield>
    </datafield>
    <datafield tag="852" ind1=" " ind2=" ">
      <subfield code="8">1</subfield>
    </datafield>
    <datafield tag="852" ind1=" " ind2="1">
      <subfield code="c">04-49M71</subfield>
      <subfield code="9">00</subfield>
    </datafield>
    <datafield tag="852" ind1=" " ind2="2">
      <subfield code="b">Adolf-Reichwein-Straße, Ebene -1, Zeitschriften</subfield>
      <subfield code="9">09</subfield>
    </datafield>
    <datafield tag="852" ind1=" " ind2=" ">
      <subfield code="a">DE-467</subfield>
    </datafield>
    <datafield tag="859" ind1="0" ind2="0">
      <subfield code="8">1.1\x</subfield>
      <subfield code="a">36</subfield>
      <subfield code="i">1936</subfield>
    </datafield>
    <datafield tag="859" ind1="1" ind2="0">
      <subfield code="8">1.2\x</subfield>
      <subfield code="a">39</subfield>
      <subfield code="i">1939</subfield>
    </datafield>
    <datafield tag="866" ind1="3" ind2="0">
      <subfield code="a">36.1936 - 39.1939</subfield>
    </datafield>
    <datafield tag="933" ind1=" " ind2=" ">
      <subfield code="a">CC0</subfield>
    </datafield>
  </record>
  <record type="Holdings">
    <leader>00000ny  a22000003n 4500</leader>
    <controlfield tag="001">805781579</controlfield>
    <controlfield tag="003">DE-101</controlfield>
    <controlfield tag="005">20220910073417.0</controlfield>
    <controlfield tag="008">131203||||||||||||||||ger|||||||</controlfield>
    <datafield tag="035" ind1=" " ind2=" ">
      <subfield code="a">(DE-601)1448755840</subfield>
    </datafield>
    <datafield tag="035" ind1=" " ind2=" ">
      <subfield code="a">(DE-517)129488887</subfield>
    </datafield>
    <datafield tag="092" ind1=" " ind2=" ">
      <subfield code="a">961000-5</subfield>
      <subfield code="d">517</subfield>
      <subfield code="k">BER</subfield>
      <subfield code="l">a</subfield>
      <subfield code="o">b</subfield>
    </datafield>
    <datafield tag="852" ind1=" " ind2=" ">
      <subfield code="8">1</subfield>
    </datafield>
    <datafield tag="852" ind1=" " ind2="1">
      <subfield code="c">Z 804</subfield>
      <subfield code="m">s</subfield>
      <subfield code="=">k</subfield>
      <subfield code="9">00</subfield>
    </datafield>
    <datafield tag="852" ind1=" " ind2="2">
      <subfield code="b">3202</subfield>
      <subfield code="9">09</subfield>
    </datafield>
    <datafield tag="852" ind1=" " ind2=" ">
      <subfield code="a">DE-517</subfield>
    </datafield>
    <datafield tag="859" ind1="0" ind2="0">
      <subfield code="8">1.1\x</subfield>
      <subfield code="a">36</subfield>
      <subfield code="i">1936</subfield>
    </datafield>
    <datafield tag="859" ind1="1" ind2="0">
      <subfield code="8">1.2\x</subfield>
      <subfield code="a">39</subfield>
      <subfield code="i">1939</subfield>
    </datafield>
    <datafield tag="866" ind1="3" ind2="0">
      <subfield code="a">36.1936 - 39.1939,21</subfield>
    </datafield>
    <datafield tag="933" ind1=" " ind2=" ">
      <subfield code="a">CC0</subfield>
    </datafield>
  </record>
  <record type="Holdings">
    <leader>00000ny  a22000003n 4500</leader>
    <controlfield tag="001">805781544</controlfield>
    <controlfield tag="003">DE-101</controlfield>
    <controlfield tag="005">20220910073417.0</controlfield>
    <controlfield tag="008">940805||||||||||||||||ger|||||||</controlfield>
    <datafield tag="035" ind1=" " ind2=" ">
      <subfield code="a">(DE-601)129887900</subfield>
    </datafield>
    <datafield tag="035" ind1=" " ind2=" ">
      <subfield code="a">(DE-700)129488887</subfield>
    </datafield>
    <datafield tag="092" ind1=" " ind2=" ">
      <subfield code="a">451000-8</subfield>
      <subfield code="d">700</subfield>
      <subfield code="k">NIE</subfield>
      <subfield code="l">a</subfield>
      <subfield code="o">b</subfield>
    </datafield>
    <datafield tag="852" ind1=" " ind2=" ">
      <subfield code="8">1</subfield>
    </datafield>
    <datafield tag="852" ind1=" " ind2="1">
      <subfield code="c">Z 5649</subfield>
      <subfield code="m">s</subfield>
      <subfield code="=">k</subfield>
      <subfield code="9">00</subfield>
    </datafield>
    <datafield tag="852" ind1=" " ind2="2">
      <subfield code="b">J-Freihand-Magazin</subfield>
      <subfield code="9">09</subfield>
    </datafield>
    <datafield tag="852" ind1=" " ind2=" ">
      <subfield code="a">DE-700</subfield>
    </datafield>
    <datafield tag="859" ind1="0" ind2="0">
      <subfield code="8">1.1\x</subfield>
      <subfield code="a">36</subfield>
      <subfield code="i">1936</subfield>
    </datafield>
    <datafield tag="933" ind1=" " ind2=" ">
      <subfield code="a">CC0</subfield>
    </datafield>
  </record>
  <record type="Holdings">
    <leader>00000ny  a22000003n 4500</leader>
    <controlfield tag="001">014032163</controlfield>
    <controlfield tag="003">DE-101</controlfield>
    <controlfield tag="005">20030717180547.0</controlfield>
    <controlfield tag="008">991204||||||||||||||||ger|||||||</controlfield>
    <datafield tag="035" ind1=" " ind2=" ">
      <subfield code="a">(DE-600)599402-0</subfield>
    </datafield>
    <datafield tag="092" ind1=" " ind2=" ">
      <subfield code="a">355000-X</subfield>
      <subfield code="d">Ks 9</subfield>
      <subfield code="k">HES</subfield>
      <subfield code="l">b</subfield>
      <subfield code="o">d</subfield>
    </datafield>
    <datafield tag="852" ind1=" " ind2=" ">
      <subfield code="8">1</subfield>
    </datafield>
    <datafield tag="852" ind1=" " ind2=" ">
      <subfield code="a">DE-Ks9</subfield>
    </datafield>
    <datafield tag="859" ind1="0" ind2="0">
      <subfield code="8">1.1\x</subfield>
      <subfield code="a">36</subfield>
      <subfield code="i">1936</subfield>
    </datafield>
    <datafield tag="859" ind1="1" ind2="0">
      <subfield code="8">1.2\x</subfield>
      <subfield code="a">39</subfield>
      <subfield code="i">1939</subfield>
    </datafield>
    <datafield tag="866" ind1="3" ind2="0">
      <subfield code="a">36.1936 - 39.1939</subfield>
    </datafield>
    <datafield tag="933" ind1=" " ind2=" ">
      <subfield code="a">CC0</subfield>
    </datafield>
  </record>
  <record type="Holdings">
    <leader>00000ny  a22000003n 4500</leader>
    <controlfield tag="001">014032228</controlfield>
    <controlfield tag="003">DE-101</controlfield>
    <controlfield tag="005">20030717180548.0</controlfield>
    <controlfield tag="008">991204||||||||||||||||ger|||||||</controlfield>
    <datafield tag="035" ind1=" " ind2=" ">
      <subfield code="a">(DE-600)4980929-5</subfield>
    </datafield>
    <datafield tag="092" ind1=" " ind2=" ">
      <subfield code="a">180775-4</subfield>
      <subfield code="d">B 775</subfield>
      <subfield code="k">BER</subfield>
      <subfield code="l">b</subfield>
      <subfield code="o">d</subfield>
      <subfield code="y">5</subfield>
    </datafield>
    <datafield tag="852" ind1=" " ind2=" ">
      <subfield code="8">1</subfield>
    </datafield>
    <datafield tag="852" ind1=" " ind2=" ">
      <subfield code="a">DE-B775</subfield>
    </datafield>
    <datafield tag="859" ind1="0" ind2="0">
      <subfield code="8">1.1\x</subfield>
      <subfield code="a">36</subfield>
      <subfield code="i">1936</subfield>
    </datafield>
    <datafield tag="859" ind1="1" ind2="0">
      <subfield code="8">1.2\x</subfield>
      <subfield code="a">38</subfield>
      <subfield code="i">1938</subfield>
    </datafield>
    <datafield tag="866" ind1="3" ind2="0">
      <subfield code="a">36.1936 - 38.1938</subfield>
    </datafield>
    <datafield tag="933" ind1=" " ind2=" ">
      <subfield code="a">CC0</subfield>
    </datafield>
  </record>
  <record type="Holdings">
    <leader>00000ny  a22000003n 4500</leader>
    <controlfield tag="001">014032260</controlfield>
    <controlfield tag="003">DE-101</controlfield>
    <controlfield tag="005">20030717180549.0</controlfield>
    <controlfield tag="008">991204||||||||||||||||ger|||||||</controlfield>
    <datafield tag="035" ind1=" " ind2=" ">
      <subfield code="a">(DE-600)2951503-8</subfield>
    </datafield>
    <datafield tag="092" ind1=" " ind2=" ">
      <subfield code="a">467010-3</subfield>
      <subfield code="d">174</subfield>
      <subfield code="k">NRW</subfield>
      <subfield code="l">a</subfield>
      <subfield code="o">c</subfield>
    </datafield>
    <datafield tag="852" ind1=" " ind2=" ">
      <subfield code="8">1</subfield>
    </datafield>
    <datafield tag="852" ind1=" " ind2="1">
      <subfield code="c">MAG-ZS MIN</subfield>
      <subfield code="9">00</subfield>
    </datafield>
    <datafield tag="852" ind1=" " ind2=" ">
      <subfield code="a">DE-174</subfield>
    </datafield>
    <datafield tag="859" ind1="0" ind2="0">
      <subfield code="8">1.1\x</subfield>
      <subfield code="a">36</subfield>
      <subfield code="i">1936</subfield>
    </datafield>
    <datafield tag="859" ind1="1" ind2="0">
      <subfield code="8">1.2\x</subfield>
      <subfield code="a">39</subfield>
      <subfield code="i">1939</subfield>
    </datafield>
    <datafield tag="866" ind1="3" ind2="0">
      <subfield code="a">36.1936 - 39.1939,21</subfield>
    </datafield>
    <datafield tag="933" ind1=" " ind2=" ">
      <subfield code="a">CC0</subfield>
    </datafield>
  </record>
  <record type="Holdings">
    <leader>00000ny  a22000003n 4500</leader>
    <controlfield tag="001">014032279</controlfield>
    <controlfield tag="003">DE-101</controlfield>
    <controlfield tag="005">20030717180549.0</controlfield>
    <controlfield tag="008">991204||||||||||||||||ger|||||||</controlfield>
    <datafield tag="035" ind1=" " ind2=" ">
      <subfield code="a">(DE-600)2796804-2</subfield>
    </datafield>
    <datafield tag="092" ind1=" " ind2=" ">
      <subfield code="a">468019-4</subfield>
      <subfield code="d">Dm 19</subfield>
      <subfield code="k">NRW</subfield>
      <subfield code="l">a</subfield>
      <subfield code="o">b</subfield>
    </datafield>
    <datafield tag="852" ind1=" " ind2=" ">
      <subfield code="8">1</subfield>
    </datafield>
    <datafield tag="852" ind1=" " ind2=" ">
      <subfield code="a">DE-Dm19</subfield>
    </datafield>
    <datafield tag="859" ind1="0" ind2="0">
      <subfield code="8">1.1\x</subfield>
      <subfield code="a">39</subfield>
      <subfield code="i">1939</subfield>
    </datafield>
    <datafield tag="866" ind1="3" ind2="0">
      <subfield code="a">39.1939,1-21</subfield>
    </datafield>
    <datafield tag="933" ind1=" " ind2=" ">
      <subfield code="a">CC0</subfield>
    </datafield>
  </record>
  <record type="Holdings">
    <leader>00000ny  a22000003n 4500</leader>
    <controlfield tag="001">014032252</controlfield>
    <controlfield tag="003">DE-101</controlfield>
    <controlfield tag="005">20030717180549.0</controlfield>
    <controlfield tag="008">991204||||||||||||||||ger|||||||</controlfield>
    <datafield tag="035" ind1=" " ind2=" ">
      <subfield code="a">(DE-600)5025117-x</subfield>
    </datafield>
    <datafield tag="092" ind1=" " ind2=" ">
      <subfield code="a">438001-0</subfield>
      <subfield code="d">Bm 3</subfield>
      <subfield code="k">NRW</subfield>
      <subfield code="l">a</subfield>
      <subfield code="o">c</subfield>
    </datafield>
    <datafield tag="852" ind1=" " ind2=" ">
      <subfield code="8">1</subfield>
    </datafield>
    <datafield tag="852" ind1=" " ind2="1">
      <subfield code="c">Be 25</subfield>
      <subfield code="9">00</subfield>
    </datafield>
    <datafield tag="852" ind1=" " ind2=" ">
      <subfield code="a">DE-Bm3</subfield>
    </datafield>
    <datafield tag="859" ind1="0" ind2="0">
      <subfield code="8">1.1\x</subfield>
      <subfield code="a">36</subfield>
      <subfield code="i">1936</subfield>
    </datafield>
    <datafield tag="859" ind1="1" ind2="0">
      <subfield code="8">1.2\x</subfield>
      <subfield code="a">38</subfield>
      <subfield code="i">1938</subfield>
    </datafield>
    <datafield tag="866" ind1="3" ind2="0">
      <subfield code="a">36.1936 - 38.1938</subfield>
    </datafield>
    <datafield tag="933" ind1=" " ind2=" ">
      <subfield code="a">CC0</subfield>
    </datafield>
  </record>
  <record type="Holdings">
    <leader>00000ny  a22000003n 4500</leader>
    <controlfield tag="001">1021664340</controlfield>
    <controlfield tag="003">DE-101</controlfield>
    <controlfield tag="005">20230925083752.0</controlfield>
    <controlfield tag="008">230925||||||||||||||||ger|||||||</controlfield>
    <datafield tag="092" ind1=" " ind2=" ">
      <subfield code="a">568101-7</subfield>
      <subfield code="d">Sol 1</subfield>
      <subfield code="k">NRW</subfield>
      <subfield code="l">b</subfield>
      <subfield code="o">d</subfield>
      <subfield code="y">wk</subfield>
    </datafield>
    <datafield tag="852" ind1=" " ind2="1">
      <subfield code="c">I B 5</subfield>
      <subfield code="9">00</subfield>
    </datafield>
    <datafield tag="852" ind1=" " ind2=" ">
      <subfield code="a">DE-Sol1</subfield>
    </datafield>
    <datafield tag="859" ind1="0" ind2="0">
      <subfield code="8">1.1\x</subfield>
      <subfield code="a">36</subfield>
      <subfield code="i">1936</subfield>
    </datafield>
    <datafield tag="859" ind1="1" ind2="0">
      <subfield code="8">1.2\x</subfield>
      <subfield code="a">39</subfield>
      <subfield code="i">1939</subfield>
    </datafield>
    <datafield tag="866" ind1="3" ind2="0">
      <subfield code="a">36.1936 - 39.1939,21</subfield>
    </datafield>
    <datafield tag="933" ind1=" " ind2=" ">
      <subfield code="a">CC0</subfield>
    </datafield>
  </record>
  <record type="Holdings">
    <leader>00000ny  a22000003n 4500</leader>
    <controlfield tag="001">1183279574</controlfield>
    <controlfield tag="003">DE-101</controlfield>
    <controlfield tag="005">20250221194707.0</controlfield>
    <controlfield tag="008">171221||||||||||||||||ger|||||||</controlfield>
    <datafield tag="035" ind1=" " ind2=" ">
      <subfield code="a">(AT-9:OBV)2234810050003340</subfield>
    </datafield>
    <datafield tag="092" ind1=" " ind2=" ">
      <subfield code="a">101402-X</subfield>
      <subfield code="k">WEU</subfield>
      <subfield code="l">b</subfield>
      <subfield code="o">b</subfield>
    </datafield>
    <datafield tag="852" ind1=" " ind2="1">
      <subfield code="c">55227-C</subfield>
      <subfield code="=">k</subfield>
      <subfield code="9">00</subfield>
    </datafield>
    <datafield tag="852" ind1=" " ind2="2">
      <subfield code="b">Main Library, Closed Stacks 1</subfield>
      <subfield code="9">09</subfield>
    </datafield>
    <datafield tag="852" ind1=" " ind2=" ">
      <subfield code="a">AT-UBL</subfield>
    </datafield>
    <datafield tag="859" ind1="0" ind2="0">
      <subfield code="8">1.1\x</subfield>
      <subfield code="a">39</subfield>
      <subfield code="i">1939</subfield>
    </datafield>
    <datafield tag="859" ind1="1" ind2="0">
      <subfield code="8">1.2\x</subfield>
      <subfield code="a">39</subfield>
      <subfield code="i">1939</subfield>
    </datafield>
    <datafield tag="866" ind1="3" ind2="0">
      <subfield code="a">39.1939,1 - 39.1939,21</subfield>
    </datafield>
    <datafield tag="866" ind1=" " ind2="0">
      <subfield code="z">bei Nachfolger mitgebunden MAG1</subfield>
    </datafield>
  </record>
  <record type="Holdings">
    <leader>00000ny  a22000003n 4500</leader>
    <controlfield tag="001">092781721</controlfield>
    <controlfield tag="003">DE-101</controlfield>
    <controlfield tag="005">20221130170513.0</controlfield>
    <controlfield tag="008">000727||||||||||||||||ger|||||||</controlfield>
    <datafield tag="035" ind1=" " ind2=" ">
      <subfield code="a">(DE-604)804400189854x</subfield>
    </datafield>
    <datafield tag="092" ind1=" " ind2=" ">
      <subfield code="a">808123-2</subfield>
      <subfield code="d">M 122</subfield>
      <subfield code="k">BAY</subfield>
      <subfield code="l">b</subfield>
      <subfield code="o">d</subfield>
    </datafield>
    <datafield tag="852" ind1=" " ind2=" ">
      <subfield code="8">a</subfield>
    </datafield>
    <datafield tag="852" ind1=" " ind2="0">
      <subfield code="=">n</subfield>
      <subfield code="9">00</subfield>
    </datafield>
    <datafield tag="852" ind1=" " ind2="2">
      <subfield code="b">W01</subfield>
      <subfield code="c">W01/Z 11/14,W-</subfield>
      <subfield code="9">09</subfield>
    </datafield>
    <datafield tag="852" ind1=" " ind2=" ">
      <subfield code="a">DE-M122</subfield>
    </datafield>
    <datafield tag="866" ind1="3" ind2="0">
      <subfield code="a">37.1937-39.1939,21</subfield>
    </datafield>
    <datafield tag="933" ind1=" " ind2=" ">
      <subfield code="a">CC0</subfield>
    </datafield>
  </record>
  <record type="Holdings">
    <leader>00000ny  a22000003n 4500</leader>
    <controlfield tag="001">852796714</controlfield>
    <controlfield tag="003">DE-101</controlfield>
    <controlfield tag="005">20221130170513.0</controlfield>
    <controlfield tag="008">221130||||||||||||||||ger|||||||</controlfield>
    <datafield tag="092" ind1=" " ind2=" ">
      <subfield code="a">848035-7</subfield>
      <subfield code="d">M 513</subfield>
      <subfield code="k">BAY</subfield>
      <subfield code="l">b</subfield>
      <subfield code="o">d</subfield>
      <subfield code="y">wk</subfield>
    </datafield>
    <datafield tag="852" ind1=" " ind2="1">
      <subfield code="c">Zy 012</subfield>
      <subfield code="=">n</subfield>
      <subfield code="9">00</subfield>
    </datafield>
    <datafield tag="852" ind1=" " ind2="2">
      <subfield code="b">100</subfield>
      <subfield code="9">09</subfield>
    </datafield>
    <datafield tag="852" ind1=" " ind2=" ">
      <subfield code="a">DE-M513</subfield>
    </datafield>
    <datafield tag="859" ind1="0" ind2="0">
      <subfield code="8">1.1\x</subfield>
      <subfield code="a">27</subfield>
      <subfield code="i">1937</subfield>
    </datafield>
    <datafield tag="859" ind1="1" ind2="0">
      <subfield code="8">1.2\x</subfield>
      <subfield code="a">39</subfield>
      <subfield code="i">1939</subfield>
    </datafield>
    <datafield tag="866" ind1="3" ind2="0">
      <subfield code="a">27.1937 - 39.1939, 21</subfield>
    </datafield>
    <datafield tag="933" ind1=" " ind2=" ">
      <subfield code="a">CC0</subfield>
    </datafield>
  </record>
  <record type="Holdings">
    <leader>00000ny  a22000003n 4500</leader>
    <controlfield tag="001">676292879</controlfield>
    <controlfield tag="003">DE-101</controlfield>
    <controlfield tag="005">20200515094721.0</controlfield>
    <controlfield tag="008">200513||||||||||||||||ger|||||||</controlfield>
    <datafield tag="092" ind1=" " ind2=" ">
      <subfield code="a">711002-9</subfield>
      <subfield code="d">Lg 2</subfield>
      <subfield code="k">BAW</subfield>
      <subfield code="l">b</subfield>
      <subfield code="o">d</subfield>
    </datafield>
    <datafield tag="852" ind1=" " ind2="1">
      <subfield code="c">G 50</subfield>
      <subfield code="=">n</subfield>
      <subfield code="9">00</subfield>
    </datafield>
    <datafield tag="852" ind1=" " ind2="2">
      <subfield code="b">Dienstbibliothek 1. OG</subfield>
      <subfield code="9">09</subfield>
    </datafield>
    <datafield tag="852" ind1=" " ind2=" ">
      <subfield code="a">DE-Lg2</subfield>
    </datafield>
    <datafield tag="859" ind1="0" ind2="0">
      <subfield code="8">1.1\x</subfield>
      <subfield code="a">41</subfield>
      <subfield code="i">1941</subfield>
    </datafield>
    <datafield tag="859" ind1="1" ind2="0">
      <subfield code="8">1.2\x</subfield>
      <subfield code="a">42</subfield>
      <subfield code="i">1942</subfield>
    </datafield>
    <datafield tag="859" ind1="0" ind2="0">
      <subfield code="8">2.1\x</subfield>
      <subfield code="a">43</subfield>
      <subfield code="i">1943</subfield>
    </datafield>
    <datafield tag="859" ind1="1" ind2="0">
      <subfield code="8">2.2\x</subfield>
      <subfield code="a">44</subfield>
      <subfield code="i">1944</subfield>
    </datafield>
    <datafield tag="866" ind1="3" ind2="0">
      <subfield code="a">Nr. 41.1941 - 42.1942; 43.1943,1-19 - 44.1944,1-20;</subfield>
    </datafield>
    <datafield tag="866" ind1="3" ind2="0">
      <subfield code="z">[N=Nr. 42.1942,19; 43.1943,4,11,20-31;]</subfield>
    </datafield>
    <datafield tag="933" ind1=" " ind2=" ">
      <subfield code="a">CC0</subfield>
    </datafield>
  </record>
  <record type="Holdings">
    <leader>00000ny  a22000003n 4500</leader>
    <controlfield tag="001">014032287</controlfield>
    <controlfield tag="003">DE-101</controlfield>
    <controlfield tag="005">20170316142137.0</controlfield>
    <controlfield tag="008">991204||||||||||||||||ger|||||||</controlfield>
    <datafield tag="035" ind1=" " ind2=" ">
      <subfield code="a">(DE-600)3229753-1</subfield>
    </datafield>
    <datafield tag="092" ind1=" " ind2=" ">
      <subfield code="a">758026-5</subfield>
      <subfield code="d">Ka 26</subfield>
      <subfield code="k">BAW</subfield>
      <subfield code="l">a</subfield>
      <subfield code="o">b</subfield>
    </datafield>
    <datafield tag="852" ind1=" " ind2=" ">
      <subfield code="8">1</subfield>
    </datafield>
    <datafield tag="852" ind1=" " ind2="1">
      <subfield code="c">Z 655</subfield>
      <subfield code="=">k</subfield>
      <subfield code="9">00</subfield>
    </datafield>
    <datafield tag="852" ind1=" " ind2=" ">
      <subfield code="a">DE-Ka26</subfield>
    </datafield>
    <datafield tag="859" ind1="0" ind2="0">
      <subfield code="8">1.1\x</subfield>
      <subfield code="a">36</subfield>
      <subfield code="i">1936</subfield>
    </datafield>
    <datafield tag="859" ind1="1" ind2="0">
      <subfield code="8">1.2\x</subfield>
      <subfield code="a">39</subfield>
      <subfield code="i">1939</subfield>
    </datafield>
    <datafield tag="866" ind1="3" ind2="0">
      <subfield code="a">36.1936 - 39.1939,21</subfield>
    </datafield>
  </record>
  <record type="Holdings">
    <leader>00000ny  a22000003n 4500</leader>
    <controlfield tag="001">014032198</controlfield>
    <controlfield tag="003">DE-101</controlfield>
    <controlfield tag="005">20130509000306.0</controlfield>
    <controlfield tag="008">991204||||||||||||||||ger|||||||</controlfield>
    <datafield tag="035" ind1=" " ind2=" ">
      <subfield code="a">(DE-600)4980925-8</subfield>
    </datafield>
    <datafield tag="092" ind1=" " ind2=" ">
      <subfield code="a">180177-6</subfield>
      <subfield code="d">B 177</subfield>
      <subfield code="k">BER</subfield>
      <subfield code="l">b</subfield>
      <subfield code="o">d</subfield>
    </datafield>
    <datafield tag="852" ind1=" " ind2=" ">
      <subfield code="8">1</subfield>
    </datafield>
    <datafield tag="852" ind1=" " ind2="1">
      <subfield code="c">Z 171</subfield>
      <subfield code="9">00</subfield>
    </datafield>
    <datafield tag="852" ind1=" " ind2=" ">
      <subfield code="a">DE-B177</subfield>
    </datafield>
    <datafield tag="859" ind1="0" ind2="0">
      <subfield code="8">1.1\x</subfield>
      <subfield code="a">36</subfield>
      <subfield code="i">1936</subfield>
    </datafield>
    <datafield tag="859" ind1="1" ind2="0">
      <subfield code="8">1.2\x</subfield>
      <subfield code="a">39</subfield>
      <subfield code="i">1939</subfield>
    </datafield>
    <datafield tag="866" ind1="3" ind2="0">
      <subfield code="a">36.1936 - 39.1939,21</subfield>
    </datafield>
    <datafield tag="933" ind1=" " ind2=" ">
      <subfield code="a">CC0</subfield>
    </datafield>
  </record>
  <record type="Holdings">
    <leader>00000ny  a22000003n 4500</leader>
    <controlfield tag="001">01403221X</controlfield>
    <controlfield tag="003">DE-101</controlfield>
    <controlfield tag="005">20150128221036.0</controlfield>
    <controlfield tag="008">991204||||||||||||||||ger|||||||</controlfield>
    <datafield tag="035" ind1=" " ind2=" ">
      <subfield code="a">(DE-600)599395-7</subfield>
    </datafield>
    <datafield tag="092" ind1=" " ind2=" ">
      <subfield code="a">180198-3</subfield>
      <subfield code="d">B 198</subfield>
      <subfield code="k">BER</subfield>
      <subfield code="l">a</subfield>
      <subfield code="o">b</subfield>
    </datafield>
    <datafield tag="852" ind1=" " ind2=" ">
      <subfield code="8">1</subfield>
    </datafield>
    <datafield tag="852" ind1=" " ind2="1">
      <subfield code="c">M 4</subfield>
      <subfield code="9">00</subfield>
    </datafield>
    <datafield tag="852" ind1=" " ind2=" ">
      <subfield code="a">DE-B198</subfield>
    </datafield>
    <datafield tag="859" ind1="0" ind2="0">
      <subfield code="8">1.1\x</subfield>
      <subfield code="a">36</subfield>
      <subfield code="i">1936</subfield>
    </datafield>
    <datafield tag="859" ind1="1" ind2="0">
      <subfield code="8">1.2\x</subfield>
      <subfield code="a">39</subfield>
      <subfield code="i">1939</subfield>
    </datafield>
    <datafield tag="866" ind1="3" ind2="0">
      <subfield code="a">36.1936 - 39.1939</subfield>
    </datafield>
    <datafield tag="933" ind1=" " ind2=" ">
      <subfield code="a">CC0</subfield>
    </datafield>
  </record>
  <record type="Holdings">
    <leader>00000ny  a22000003n 4500</leader>
    <controlfield tag="001">01403218X</controlfield>
    <controlfield tag="003">DE-101</controlfield>
    <controlfield tag="005">20210210215704.0</controlfield>
    <controlfield tag="008">991204||||||||||||||||ger|||||||</controlfield>
    <datafield tag="035" ind1=" " ind2=" ">
      <subfield code="a">(DE-600)599415-9</subfield>
    </datafield>
    <datafield tag="092" ind1=" " ind2=" ">
      <subfield code="a">968079-2</subfield>
      <subfield code="d">Po 79</subfield>
      <subfield code="k">BER</subfield>
      <subfield code="l">a</subfield>
      <subfield code="o">c</subfield>
    </datafield>
    <datafield tag="852" ind1=" " ind2=" ">
      <subfield code="8">1</subfield>
    </datafield>
    <datafield tag="852" ind1=" " ind2=" ">
      <subfield code="a">DE-Po79</subfield>
    </datafield>
    <datafield tag="859" ind1="0" ind2="0">
      <subfield code="8">1.1\x</subfield>
      <subfield code="a">36</subfield>
      <subfield code="i">1936</subfield>
    </datafield>
    <datafield tag="859" ind1="1" ind2="0">
      <subfield code="8">1.2\x</subfield>
      <subfield code="a">39</subfield>
      <subfield code="i">1939</subfield>
    </datafield>
    <datafield tag="866" ind1="3" ind2="0">
      <subfield code="a">36.1936 - 39.1939,21</subfield>
    </datafield>
    <datafield tag="933" ind1=" " ind2=" ">
      <subfield code="a">CC0</subfield>
    </datafield>
  </record>
  <record type="Holdings">
    <leader>00000ny  a22000003n 4500</leader>
    <controlfield tag="001">756537282</controlfield>
    <controlfield tag="003">DE-101</controlfield>
    <controlfield tag="005">20240614152047.0</controlfield>
    <controlfield tag="008">220104||||||||||||||||ger|||||||</controlfield>
    <datafield tag="092" ind1=" " ind2=" ">
      <subfield code="a">180069-3</subfield>
      <subfield code="d">B 69</subfield>
      <subfield code="k">BER</subfield>
      <subfield code="l">b</subfield>
      <subfield code="o">d</subfield>
      <subfield code="y">2</subfield>
    </datafield>
    <datafield tag="852" ind1=" " ind2="1">
      <subfield code="c">B5.20</subfield>
      <subfield code="9">00</subfield>
    </datafield>
    <datafield tag="852" ind1=" " ind2="2">
      <subfield code="b">Magazin, 1. Obergeschoss</subfield>
      <subfield code="9">09</subfield>
    </datafield>
    <datafield tag="852" ind1=" " ind2=" ">
      <subfield code="a">DE-B69</subfield>
    </datafield>
    <datafield tag="859" ind1="0" ind2="0">
      <subfield code="8">1.1\x</subfield>
      <subfield code="a">36</subfield>
      <subfield code="i">1936</subfield>
    </datafield>
    <datafield tag="859" ind1="1" ind2="0">
      <subfield code="8">1.2\x</subfield>
      <subfield code="a">37</subfield>
      <subfield code="i">1937</subfield>
    </datafield>
    <datafield tag="859" ind1="0" ind2="0">
      <subfield code="8">2.1\x</subfield>
      <subfield code="a">39</subfield>
      <subfield code="i">1939</subfield>
    </datafield>
    <datafield tag="866" ind1="3" ind2="0">
      <subfield code="a">36.1936 - 37.1937; 39.1939,21</subfield>
    </datafield>
    <datafield tag="933" ind1=" " ind2=" ">
      <subfield code="a">CC0</subfield>
    </datafield>
  </record>
  <record type="Holdings">
    <leader>00000ny  a22000003n 4500</leader>
    <controlfield tag="001">1068637056</controlfield>
    <controlfield tag="003">DE-101</controlfield>
    <controlfield tag="005">20240229161646.0</controlfield>
    <controlfield tag="008">240229||||||||||||||||ger|||||||</controlfield>
    <datafield tag="092" ind1=" " ind2=" ">
      <subfield code="a">101188-1</subfield>
      <subfield code="d">Mg 4</subfield>
      <subfield code="k">NRW</subfield>
      <subfield code="l">b</subfield>
      <subfield code="o">d</subfield>
      <subfield code="y">wk</subfield>
    </datafield>
    <datafield tag="852" ind1=" " ind2="1">
      <subfield code="c">P 140</subfield>
      <subfield code="=">n</subfield>
      <subfield code="9">00</subfield>
    </datafield>
    <datafield tag="852" ind1=" " ind2="2">
      <subfield code="b">Magazin</subfield>
      <subfield code="9">09</subfield>
    </datafield>
    <datafield tag="852" ind1=" " ind2=" ">
      <subfield code="a">DE-Mg4</subfield>
    </datafield>
    <datafield tag="859" ind1="0" ind2="0">
      <subfield code="8">1.1\x</subfield>
      <subfield code="a">36</subfield>
      <subfield code="i">1936</subfield>
    </datafield>
    <datafield tag="859" ind1="1" ind2="0">
      <subfield code="8">1.2\x</subfield>
      <subfield code="a">39</subfield>
      <subfield code="i">1939</subfield>
    </datafield>
    <datafield tag="866" ind1="3" ind2="0">
      <subfield code="a">36.1936 - 39.1939</subfield>
    </datafield>
  </record>
  <record type="Holdings">
    <leader>00000ny  a22000003n 4500</leader>
    <controlfield tag="001">07834638X</controlfield>
    <controlfield tag="003">DE-101</controlfield>
    <controlfield tag="005">20230118211605.0</controlfield>
    <controlfield tag="008">020617||||||||||||||||ger|||||||</controlfield>
    <datafield tag="092" ind1=" " ind2=" ">
      <subfield code="a">948201-5</subfield>
      <subfield code="d">Ef 29</subfield>
      <subfield code="k">THU</subfield>
      <subfield code="l">b</subfield>
      <subfield code="o">d</subfield>
    </datafield>
    <datafield tag="852" ind1=" " ind2=" ">
      <subfield code="8">1</subfield>
    </datafield>
    <datafield tag="852" ind1=" " ind2="1">
      <subfield code="c">ZU 53</subfield>
      <subfield code="9">00</subfield>
    </datafield>
    <datafield tag="852" ind1=" " ind2=" ">
      <subfield code="a">DE-Ef29</subfield>
    </datafield>
    <datafield tag="859" ind1="0" ind2="0">
      <subfield code="8">1.1\x</subfield>
      <subfield code="a">36</subfield>
      <subfield code="i">1936</subfield>
    </datafield>
    <datafield tag="859" ind1="1" ind2="0">
      <subfield code="8">1.2\x</subfield>
      <subfield code="a">39</subfield>
      <subfield code="i">1939</subfield>
    </datafield>
    <datafield tag="866" ind1="3" ind2="0">
      <subfield code="a">36.1936 - 39.1939,21</subfield>
    </datafield>
    <datafield tag="933" ind1=" " ind2=" ">
      <subfield code="a">CC0</subfield>
    </datafield>
  </record>
  <record type="Holdings">
    <leader>00000ny  a22000003n 4500</leader>
    <controlfield tag="001">014032236</controlfield>
    <controlfield tag="003">DE-101</controlfield>
    <controlfield tag="005">20240430211716.0</controlfield>
    <controlfield tag="008">991204||||||||||||||||ger|||||||</controlfield>
    <datafield tag="035" ind1=" " ind2=" ">
      <subfield code="a">(DE-600)4980920-9</subfield>
    </datafield>
    <datafield tag="092" ind1=" " ind2=" ">
      <subfield code="a">180791-2</subfield>
      <subfield code="d">B 791</subfield>
      <subfield code="k">SAX</subfield>
      <subfield code="l">b</subfield>
      <subfield code="o">d</subfield>
    </datafield>
    <datafield tag="852" ind1=" " ind2=" ">
      <subfield code="8">1</subfield>
    </datafield>
    <datafield tag="852" ind1=" " ind2="1">
      <subfield code="c">-Hd 3</subfield>
      <subfield code="9">00</subfield>
    </datafield>
    <datafield tag="852" ind1=" " ind2=" ">
      <subfield code="a">DE-B791</subfield>
    </datafield>
    <datafield tag="859" ind1="0" ind2="0">
      <subfield code="8">1.1\x</subfield>
      <subfield code="a">36</subfield>
      <subfield code="i">1936</subfield>
    </datafield>
    <datafield tag="859" ind1="1" ind2="0">
      <subfield code="8">1.2\x</subfield>
      <subfield code="a">39</subfield>
      <subfield code="i">1939</subfield>
    </datafield>
    <datafield tag="866" ind1="3" ind2="0">
      <subfield code="a">36.1936  - 39.1939</subfield>
    </datafield>
    <datafield tag="866" ind1=" " ind2="0">
      <subfield code="z">Teilbestand Bibliothek des Preußischen Oberverwaltungsgerichts</subfield>
    </datafield>
    <datafield tag="933" ind1=" " ind2=" ">
      <subfield code="a">CC0</subfield>
    </datafield>
  </record>
  <record type="Holdings">
    <leader>00000ny  a22000003n 4500</leader>
    <controlfield tag="001">1179953401</controlfield>
    <controlfield tag="003">DE-101</controlfield>
    <controlfield tag="005">20250213194709.0</controlfield>
    <controlfield tag="008">191129||||||||||||||||ger|||||||</controlfield>
    <datafield tag="035" ind1=" " ind2=" ">
      <subfield code="a">(DE-601)356464301X</subfield>
    </datafield>
    <datafield tag="035" ind1=" " ind2=" ">
      <subfield code="a">(DE-Bre1)129488887</subfield>
    </datafield>
    <datafield tag="092" ind1=" " ind2=" ">
      <subfield code="a">101249-6</subfield>
      <subfield code="d">Bre 1</subfield>
      <subfield code="k">HAM</subfield>
      <subfield code="l">b</subfield>
      <subfield code="o">d</subfield>
    </datafield>
    <datafield tag="852" ind1=" " ind2=" ">
      <subfield code="8">1</subfield>
    </datafield>
    <datafield tag="852" ind1=" " ind2="1">
      <subfield code="c">Yd-156</subfield>
      <subfield code="m">i</subfield>
      <subfield code="=">n</subfield>
      <subfield code="9">00</subfield>
    </datafield>
    <datafield tag="852" ind1=" " ind2="2">
      <subfield code="b">2.OG</subfield>
      <subfield code="9">09</subfield>
    </datafield>
    <datafield tag="852" ind1=" " ind2=" ">
      <subfield code="a">DE-Bre1</subfield>
    </datafield>
    <datafield tag="859" ind1="0" ind2="0">
      <subfield code="8">1.1\x</subfield>
      <subfield code="a">36</subfield>
      <subfield code="i">1936</subfield>
    </datafield>
    <datafield tag="859" ind1="1" ind2="0">
      <subfield code="8">1.2\x</subfield>
      <subfield code="a">39</subfield>
      <subfield code="i">1939</subfield>
    </datafield>
    <datafield tag="866" ind1="3" ind2="0">
      <subfield code="a">36.1936 - 39.1939,21</subfield>
    </datafield>
  </record>
  <record type="Holdings">
    <leader>00000ny  a22000003n 4500</leader>
    <controlfield tag="001">266766595</controlfield>
    <controlfield tag="003">DE-101</controlfield>
    <controlfield tag="005">20250212200401.0</controlfield>
    <controlfield tag="008">7-3-20||||||||||||||||ger|||||||</controlfield>
    <datafield tag="092" ind1=" " ind2=" ">
      <subfield code="a">708256-3</subfield>
      <subfield code="d">Stg 256</subfield>
      <subfield code="k">BAW</subfield>
      <subfield code="l">b</subfield>
      <subfield code="o">d</subfield>
    </datafield>
    <datafield tag="094" ind1=" " ind2=" ">
      <subfield code="a">0800</subfield>
    </datafield>
    <datafield tag="852" ind1=" " ind2="1">
      <subfield code="c">0800/7</subfield>
      <subfield code="9">00</subfield>
    </datafield>
    <datafield tag="852" ind1=" " ind2=" ">
      <subfield code="a">DE-Stg256</subfield>
    </datafield>
    <datafield tag="859" ind1="0" ind2="0">
      <subfield code="8">1.1\x</subfield>
      <subfield code="a">38</subfield>
      <subfield code="i">1938</subfield>
    </datafield>
    <datafield tag="859" ind1="1" ind2="0">
      <subfield code="8">1.2\x</subfield>
      <subfield code="a">39</subfield>
      <subfield code="i">1939</subfield>
    </datafield>
    <datafield tag="866" ind1="3" ind2="0">
      <subfield code="a">38.1938 - 39.1939,21</subfield>
    </datafield>
    <datafield tag="866" ind1=" " ind2="0">
      <subfield code="z">Präsenzbestand</subfield>
    </datafield>
    <datafield tag="933" ind1=" " ind2=" ">
      <subfield code="a">CC0</subfield>
    </datafield>
  </record>
</collection></recordData><recordPosition>18</recordPosition></record>